=LDR  01029cam a22002294a 4500
=001  11520
=005  20250120115947.0
=008  000907s2000\\\\fr\a\\\\\bc\\\001\0\fre\\
=020  \\$a2711840492
=040  \\$aOI
=041  \\$afre
=100  \\$aBourdon, Sébastien$d1616-1671$914407
=245  10$aSébastien Bourdon, 1616-1671 :$bcatalogue critique et chronologique de l'oeuvre complet /$c[catalogue rédigé par] Jacques Thuillier.
=260  \\$aParis :$bRéunion des musées nationaux ;$aMontpellier :$bMusée Fabre ;$a[Strasbourg] :$bMusées de Strasbourg,$cc2000.
=300  \\$a528 p. :$bill. (some col.) ;$c28 cm.
=504  \\$aIncludes bibliographical references (p. 500-504) and index.
=600  \0$aBourdon, Sébastien$d1616-1671$914407
=600  \0$aBourdon, Sébastien$d1616-1671$914407
=700  \\$aThuillier, Jacques$914408
=942  \\$cBOO
=952  \\$00$10$2ddc$40$6BIO_BOUR_C$70$8BIO$911505$aORPH$bORPH$cKTS1_P$d2020-07-08$eKoopman$i21G17$oBIO BOUR c$p20125538$r2021-01-12 00:00:00$w2021-01-12$yBOO$OKoopman
=999  \\$d11520

