=LDR  01418aam a2200277   4500
=001  11522
=005  20251009083524.0
=008  220124s1922\\\\||||||||\||||\00|\0\fre\d
=041  \\$afre
=100  \\$aTiersot, Julien$d1857-1936$4aut$1http://www.wikidata.org/entity/Q547630$917987
=245  \\$aLa Musique dans la comédie de Molière
=260  \\$aParis$bLa Renaissance du Livre$c[1921]
=300  \\$a194 pages$c16°
=600  \0$aMolière$d1622-1673$1http://www.wikidata.org/entity/Q687$95673
=600  \0$aLully, Jean-Baptiste$d1632-1687$1http://www.wikidata.org/entity/Q1192$95867
=600  \0$aCharpentier, Marc-Antoine$d1643-1704$1http://www.wikidata.org/entity/Q55524$910169
=648  \0$a17th Century (1601-1700)$1http://www.wikidata.org/entity/Q7016$920923
=650  \0$aTheater history$1http://www.wikidata.org/entity/Q1061140$94607
=650  \0$aComedy$1http://www.wikidata.org/entity/Q40831$921436
=650  \0$aIncidental music$1http://www.wikidata.org/entity/Q1147752$92558
=651  \0$aFrance$1http://www.wikidata.org/entity/Q142$9131
=856  \\$uhttps://gallica.bnf.fr/view3if/ga/ark:/12148/bpt6k9612317g$3IIIF
=856  \\$uhttps://gallica.bnf.fr/iiif/ark:/12148/bpt6k9612317g/manifest.json$3IIIF manifest
=942  \\$cBOO
=952  \\$00$10$2ddc$40$6BIO_MOLI_E$70$8BIO$911507$aORPH$bORPH$cKTS1_P$d2020-07-08$eKoopman$i30B42$oBIO MOLI e$p20123384$r2021-01-12 00:00:00$w2021-01-12$yBOO
=999  \\$d11522

