=LDR  00906    a2200205   4500
=001  11523
=008  230424s1998\\\\nl\f||||\||||\00|\0\dut\d
=041  \\$adut
=100  \\$aTiggelaar, K.$914411$4aut
=245  \\$a350 Jaar Arp Schnitger
=260  \\$c1998$aGroningen$bStichting Groningen Orgelland
=300  \\$a50 pages
=600  \0$1http://www.wikidata.org/entity/Q60787$aSchnitger, Arp$d1648-1719$910906
=648  \0$1http://www.wikidata.org/entity/Q7015$a18th Century (1701-1800)$920899
=650  \0$aOrgan$1http://www.wikidata.org/entity/Q1444$92810
=650  \0$aOrganology$1http://www.wikidata.org/entity/Q899293$921400
=651  \0$1http://www.wikidata.org/entity/Q55$aNetherlands$9173
=942  \\$cBOO
=952  \\$00$10$2ddc$40$6INS_3_000000000000000_1B_SCHN$70$8INS$911508$aORPH$bORPH$cKTS0$d2020-07-08$eKoopman$i24C53$l0$oINS3.1b SCHN$p20128999$r2021-01-12 00:00:00$w2021-01-12$yBOO$OKoopman
=999  \\$d11523

