=LDR  01091cam a22002534a 4500
=001  11525
=005  20250605144224.0
=008  050711s2004\\\\be\a\\\\\b\\\\000\0bdut\\
=020  \\$a9058262693
=040  \\$aOI
=041  \\$adut
=100  \\$aTijs, Rutger J.$d-1949$4aut$914412
=245  13$aDe andere Rubens:$bactiviteiten, interesses, leefwereld
=260  \\$aLeuven$bDavidsfonds$c2004
=300  \\$a348 pages$billustrations (some colored)$c24 cm
=504  \\$aIncludes bibliographical references (p. [323]-346).
=600  \0$aRubens, Peter Paul$d1577-1640$1http://www.wikidata.org/entity/Q5599$914413
=648  \0$a17th Century (1601-1700)$1http://www.wikidata.org/entity/Q7016$920923
=650  \0$aPainter$1http://www.wikidata.org/entity/Q1028181$93914
=650  \0$aCuckoo$1http://www.wikidata.org/entity/Q18845$922474
=651  \0$aAntwerp (Belgium)$1http://www.wikidata.org/entity/Q12892$920974
=942  \\$cBOO
=952  \\$00$10$2ddc$40$6BIO_RUBE_E$70$8BIO$911510$aORPH$bORPH$cKTS1_P$d2020-07-08$eKoopman$i42A29$oBIO RUBE e$p20122124$r2021-01-12 00:00:00$w2021-01-12$yBOO
=999  \\$d11525

