=LDR  00895aam a2200217   4500
=001  11529
=008  211112s1950\\\\nl\go|||\||||\00|\0\dut\d
=041  \\$adut
=100  \\$aTimmermans, Ferdinand$4aut$1http://www.wikidata.org/entity/Q94647704$914417
=245  \\$aLuidklokken en beiaarden in Nederland
=250  \\$a2nd ed.
=260  \\$c1950$aAmsterdam$bDe Lange
=300  \\$a215 pages
=490  \\$aHeemschutserie$v33
=650  \0$aCarillon$1http://www.wikidata.org/entity/Q505174$94152
=650  \0$aBell$1http://www.wikidata.org/entity/Q101401$922519
=650  \0$aOrganology$1http://www.wikidata.org/entity/Q899293$921400
=651  \0$aNetherlands$1http://www.wikidata.org/entity/Q55$9173
=942  \\$cBOO
=952  \\$00$10$2ddc$40$6INS_10_000000000000000_3A_NL$70$8INS$911514$aORPH$bORPH$cKTS0$d2020-07-08$eKoopman$i20D31$oINS10.3a NL$p20125307$r2021-01-12 00:00:00$w2021-01-12$yBOO
=999  \\$d11529

