=LDR  00917aam a2200205   4500
=001  11530
=008  240102s1949\\\\|||a||||\||||\00|\0\dut\d
=041  \\$adut
=100  \\$aTimmers, J. J. M.$4aut$914418
=245  \\$aHouten beelden:$bDe houtsculptuur in de Noordelijke Nederlanden tijdens de late middeleeuwen
=260  \\$aAmsterdam$bContact$c1949
=300  \\$a82 pages, 197 plates
=490  \\$aDe schoonheid van ons land$vBeeldhouwkunst
=648  \0$aMiddle Ages (500-1400)$1http://www.wikidata.org/entity/Q12554$920964
=650  \0$aFine art$1http://www.wikidata.org/entity/Q219625$921579
=651  \0$aNetherlands$1http://www.wikidata.org/entity/Q55$9173
=700  \\$aSibbelee, Hans$d1915-2003$4pht$926903
=942  \\$cBOO
=952  \\$00$10$2ddc$40$6TOP_NL_3_000000000000000$70$8TOP$911515$aORPH$bORPH$cKTS0$d2020-07-08$eKoopman$i34C02$l0$oTOP NL 3$p20122585$r2021-01-12 00:00:00$w2021-01-12$yBOO$OKoopman
=999  \\$d11530

