=LDR  01528cam a22002774a 4500
=001  11531
=005  20250121142127.0
=008  020506s2003\\\\enka\\\\\b\\\\001\0beng\\
=020  \\$a0195154738 (alk. paper)
=040  \\$aOI
=041  \\$aeng
=100  \\$aTimms, Colin$4aut$914419
=245  10$aPolymath of the Baroque:$bAgostino Steffani and his Music
=260  \\$aOxford$aNew York$bOxford University Press$c2003
=300  \\$axviii-422 pages$billustrations$c25 cm
=504  \\$aIncludes bibliographical references (p. 387-406) and index.
=505  0\$aThe life. Castelfranco and Padua 1654-1667 ; Munich 1667-1688 ; Hanover 1688-1703 ; Düsseldorf 1703-1709 ; Apostolic Vicar of North Germany 1709-1728 -- The music. The sacred works ; The operas, I : general survey ; The operas, II : case-studies ; The chamber music ; Conclusion: personality and achievement.
=600  \0$aSteffani, Agostino$d1654-1728$1http://www.wikidata.org/entity/Q395725$914420
=648  \0$a17th Century (1601-1700)$1http://www.wikidata.org/entity/Q7016$920923
=648  \0$a18th Century (1701-1800)$1http://www.wikidata.org/entity/Q7015$920899
=650  \0$aComposer$1http://www.wikidata.org/entity/Q36834$93625
=650  \0$aBiography$1http://www.wikidata.org/entity/Q36279$91927
=651  \0$aItaly$1http://www.wikidata.org/entity/Q38$922
=942  \\$cBOO
=952  \\$00$10$2ddc$40$6BIO_STEF2_D$70$8BIO$911516$aORPH$bORPH$cKTS1_P$d2020-07-08$eKoopman$i35B04$l0$oBIO STEF2 d$p20120786$r2021-01-12 00:00:00$w2021-01-12$yBOO$OKoopman
=999  \\$d11531

