=LDR  01761    a2200265   4500
=001  11532
=008  210902s2018\\\\nl\a||||\||||\00|\0\eng\d
=041  \\$aeng
=100  \\$aTinbergen, Elske$916455$4aut
=245  \\$aThe 'cello' in the Low Countries. The instrument and its practical use in the 17th and 18th centuries
=260  \\$c2018$aLeiden$bUnversiteit Leiden
=300  \\$a3 volls (309+813 pages)
=648  \0$a17th Century (1601-1700)$1http://www.wikidata.org/entity/Q7016$920923
=648  \0$a18th Century (1701-1800)$1http://www.wikidata.org/entity/Q7015$920899
=650  \0$aCello$1http://www.wikidata.org/entity/Q8371$92688
=650  \0$aHistorically informed performance$1http://www.wikidata.org/entity/Q1344860$920980
=650  \0$aMusic history$1http://www.wikidata.org/entity/Q846047$921373
=651  \0$aNetherlands$1http://www.wikidata.org/entity/Q55$9173
=700  \\$aKoopman, Ton$d1944-$1http://www.wikidata.org/entity/Q445121$4ctb$910491
=942  \\$cDIS
=952  \\$00$10$2ddc$3Part 1$40$6INS_4_000000000000000_3A_NL$70$8INS$911517$aORPH$bORPH$cKTS0$d2020-07-08$eKoopman$i47G03-1$oINS4.3a NL$p20121518$r2021-01-12 00:00:00$w2021-01-12$yDIS
=952  \\$00$10$2ddc$3Part 2a$40$6INS_4_000000000000000_3A_NL$70$8INS$911518$aORPH$bORPH$cKTS0$d2020-07-08$eKoopman$i47G03-2a$l0$oINS4.3a NL$p20121517$r2021-01-12 00:00:00$w2021-01-12$yDIS$OKoopman
=952  \\$00$10$2ddc$3Part 2b$40$6INS_4_000000000000000_3A_NL$70$8INS$923033$aORPH$bORPH$cKTS0$d2020-07-08$eKoopman$i47G03-2b$l0$oINS4.3a NL$p20121516$r2023-11-02 00:00:00$w2021-01-12$yDIS
=952  \\$00$10$2ddc$3Part 2b$40$6INS_4_000000000000000_3A_NL$70$8INS$923045$aORPH$bORPH$cKTS0$d2020-07-08$eKoopman$i47G03-2b$l0$oINS4.3a NL$p20121515$r2023-11-13 00:00:00$w2021-01-12$yDIS
=999  \\$d11532

