=LDR  01754aam a2200241   4500
=001  11538
=008  220228s1991\\\\||||||||\||||\001\0cfre\d
=041  \\$afre
=100  \\$aTiton du Tillet, Évrard$d1677-1762$4aut$1http://www.wikidata.org/entity/Q3592904$97631
=245  \\$aVies des Musiciens et autres Joueurs d'Instruments du règne de Louis le Grand
=260  \\$aParis$bLe Promeneur$c1991
=300  \\$a141 pages
=520  \\$aCe livre est le recueil des anecdotes ou des légendes qui coururent sur les musiciens français sous le règne de Louis XIV. Titon du Tillet fait revivre les derniers joueurs de luth, la naissance de l'opéra français à machines. Il fait revivre Lully en carrosse, en grand chapeau de castor, entendant chanter ses airs au coin des rues. Il fait revivre Delalanche brisant son violon dans un accès de colère, ou bien le jeune Marin Marais se glissant sous la cabane de Sainte-Colombe, édifiée dans un mûrier. C'est le texte source de la musique française du XVIIe siècle. 
=600  \0$aLouis XIV$cKing of France$d1638-1715$1http://www.wikidata.org/entity/Q7742$99829
=648  \0$a17th Century (1601-1700)$1http://www.wikidata.org/entity/Q7016$920923
=648  \0$a18th Century (1701-1800)$1http://www.wikidata.org/entity/Q7015$920899
=650  \0$aComposer$1http://www.wikidata.org/entity/Q36834$93625
=650  \0$aInstrumentalist$1http://www.wikidata.org/entity/Q1278335$921706
=650  \0$aBiography$1http://www.wikidata.org/entity/Q36279$91927
=651  \0$aFrance$1http://www.wikidata.org/entity/Q142$9131
=942  \\$cBOO
=952  \\$00$10$2ddc$40$6TOP_FR_5_000000000000000$70$8TOP$911523$aORPH$bORPH$cKTS0$d2020-07-08$eKoopman$i20D53$oTOP FR 5$p20125352$r2021-01-12 00:00:00$w2021-01-12$yBOO
=999  \\$d11538

