=LDR  00863cam a2200217   4500
=001  11539
=005  20250120120250.0
=008  700311s1969\\\\enkacfg\\b\\\\001\0deng\\
=015  \\$aB69-22918
=020  \\$a0304931632
=040  \\$aOI
=100  \\$aTobin, John,$d1891-1980.$914426
=245  10$aHandel's 'Messiah:' a critical account of the manuscript sources and printed editions /$cby John Tobin.
=260  \\$aLondon :$bCassell,$c1969.
=300  \\$axii, 279 [2] p. :$btabs., port., pls., music ;$c25 cm.
=350  \\$a9/9/-
=504  \\$aBibliography: p. 267-269.
=600  \0$aHandel, George Frideric$d1685-1759$1http://www.wikidata.org/entity/Q7302$94765
=942  \\$cBOO
=952  \\$00$10$2ddc$40$6BIO_HAND_B$70$8BIO$911524$aORPH$bORPH$cKTS1_P$d2020-07-08$eKoopman$i32E20$l0$oBIO HAND b$p20122849$r2021-01-12 00:00:00$w2021-01-12$yBOO$OKoopman
=999  \\$c11539$d11539

