=LDR  00345    a2200109   4500
=001  11541
=100  \\$aToergenew, I. S.$914428
=245  \\$aVerhalen
=260  \\$c1959
=942  \\$cBOO
=952  \\$00$10$2ddc$40$6LIT_TOER_A$70$8LIT$911526$aORPH$bORPH$cKM12_2_H$d2020-07-08$eKoopman$i40A04$oLIT TOER a$p20130260$r2021-01-12 00:00:00$w2021-01-12$yBOO
=999  \\$c11541$d11541

