=LDR  00736aam a2200181   4500
=001  11543
=008  231031s1924\\\\nl\\||||\||||\00|\0\dut\d
=041  \\$adut
=100  \\$aTogni, Felice$4aut$914430
=245  \\$aDe ontwikkelingsgang der vioolspel- en vioolbouwkunst
=260  \\$aBussum$bWegelin$c1924
=300  \\$a95 pages
=650  \0$aViolin$1http://www.wikidata.org/entity/Q8355$92783
=650  \0$aPerformance$1http://www.wikidata.org/entity/Q6942562$926223
=650  \0$aOrganology$1http://www.wikidata.org/entity/Q899293$921400
=942  \\$cBOO
=952  \\$00$10$2ddc$40$6INS_4_000000000000000_1A$70$8INS$911528$aORPH$bORPH$cKTS0$d2020-07-08$eKoopman$i21D58$l0$oINS4.1a$p20128246$r2021-01-12 00:00:00$w2021-01-12$yBOO$OKoopman
=999  \\$d11543

