=LDR  00360    a2200109   4500
=001  11547
=100  \\$aTolnay, C. de$914432
=245  \\$aHieronymus Bosch
=260  \\$c1965
=942  \\$cBOO
=952  \\$00$10$2ddc$40$6BIO_BOSC_C$70$8BIO$911532$aORPH$bORPH$cKTS1_P$d2020-07-08$eKoopman$i19G16$l0$oBIO BOSC c$p20125201$r2021-01-12 00:00:00$w2021-01-12$yBOO$OKoopman
=999  \\$c11547$d11547

