=LDR  00380    a2200121   4500
=001  11549
=020  \\$a9783895084492
=100  \\$aToman, R.$914434
=245  \\$aRomaanse kunst
=260  \\$c1996
=942  \\$cBOO
=952  \\$00$10$2ddc$40$6VIS_TOMA$70$8VIS$911534$aORPH$bORPH$cKTS1_H$d2020-07-08$eKoopman$i47B01$l0$oVIS TOMA$p20121513$r2021-01-12 00:00:00$w2021-01-12$yBOO$OKoopman
=999  \\$c11549$d11549

