=LDR  00777aam a2200205   4500
=001  11550
=008  241204s1989\\\\||||||||\||||\00|\0\ger\d
=020  \\$a3854473230
=041  \\$ager
=100  \\$aTomaschek, Johann$914435
=245  \\$aZisterzienserstift Zwettl
=260  \\$c1989$aVienna$bBrandstätter
=300  \\$a64 Pages
=610  \0$aCistercians$1http://www.wikidata.org/entity/Q166861$923733
=650  \0$aMonastery$1http://www.wikidata.org/entity/Q44613$926216
=651  \0$aZwettl (Austria)$1http://www.wikidata.org/entity/Q244506$939270
=700  \\$aKlinger, Joachim$4edt$939269
=942  \\$cBOO
=952  \\$00$10$2ddc$40$6TOP_AT_ZWE$70$8TOP$911535$aORPH$bORPH$cKTS0$d2020-07-08$eKoopman$l0$oTOP AT.ZWE$p20120603$r2021-01-12 00:00:00$w2021-01-12$yBOO$OKoopman
=999  \\$d11550

