=LDR  00859aam a2200193   4500
=001  11551
=008  220615s2000\\\\it\f||||\||||\00|\0\ita\d
=041  \\$aita
=100  \\$aTomasi, Andrea$4aut$914436
=245  \\$aGuida agli organi d'arte della diocesi di Concordia-Pordenone
=260  \\$aPordenone$bProvincia di Pordenone$c2000
=300  \\$a111 pages
=650  \0$aOrgan$1http://www.wikidata.org/entity/Q1444$92810
=650  \0$aOrganology$1http://www.wikidata.org/entity/Q899293$921400
=651  \0$aFriuli Venezia Giulia (Italy)$1http://www.wikidata.org/entity/Q1250$924373
=651  \0$aPordenone (Italy)$1http://www.wikidata.org/entity/Q6606$924380
=942  \\$cBOO
=952  \\$00$10$2ddc$40$6INS_3_000000000000000_1A_IT_POR$70$8INS$911536$aORPH$bORPH$cKTS0$d2020-07-08$eKoopman$i23D41$oINS3.1a IT.POR$p20128626$r2021-01-12 00:00:00$w2021-01-12$yBOO
=999  \\$d11551

