=LDR  01529cam a2200265 a 4500
=001  11556
=008  971018s1997\\\\nl\abf\\\b\\\\001\0ddut\d
=041  \\$adut
=100  \\$aToom, Teus den$d-1943$4art$914441
=245  13$aDe orgelmakers Witte.$bEen bijdrage tot de geschiedschrijving van de orgelbouw in Nederland in de tweede helft van de negentiende eeuw
=260  \\$aHeerenveen$bGroen$c1997
=300  \\$a2 volls. (1540 pages)$bill. (some col.), maps $c31 cm
=504  \\$aIncludes bibliographical references (p. 1500-1517) and indexes.
=600  \0$aWitte, Christiaan Gottlieb Friedrich$d1802-1873$914443
=610  \0$aJ. Bätz & Co.$91599
=610  \0$aWitte family$1http://www.wikidata.org/entity/Q9375952$922351
=648  \0$a19th Century (1801-1900)$1http://www.wikidata.org/entity/Q6955$920935
=650  \0$aOrgan$1http://www.wikidata.org/entity/Q1444$92810
=650  \0$aOrganology$1http://www.wikidata.org/entity/Q899293$921400
=650  \0$aMusic history$1http://www.wikidata.org/entity/Q846047$921373
=651  \0$aUtrecht (Netherlands)$1http://www.wikidata.org/entity/Q803$9141
=942  \\$cBOO
=952  \\$00$10$2ddc$3Volume I$40$6INS_3_000000000000000_1B_WITT$70$8INS$911541$aORPH$bORPH$cKTS0$d2020-07-08$eKoopman$i24G57$l0$oINS3.1b WITT$p20129300$r2021-01-12 00:00:00$w2021-01-12$yBOO$OKoopman
=952  \\$00$10$2ddc$3Volume II$40$6INS_3_000000000000000_1B_WITT$70$8INS$911542$aORPH$bORPH$cKTS0$d2020-07-08$eKoopman$i24G57$l0$oINS3.1b WITT$p20129299$r2021-01-12 00:00:00$w2021-01-12$yBOO$OKoopman
=999  \\$d11556

