=LDR  01242    a2200265   4500
=001  11562
=008  211208s1925\\\\\\\f||||\||||\00|\0\ger\d
=041  \\$ager
=100  \\$aTornius, Valerian$4aut$914446
=245  \\$aSalons:$bBilder gesellschaftlicher Kultur aus fünf Jahrhunderten
=250  \\$a5th rev. ed.
=260  \\$aBerlin$bHenschel$c1925
=300  \\$a524 pages$b48 plates (black & white)
=648  \0$aRenaissance (1400-1600)$1http://www.wikidata.org/entity/Q4692$920965
=648  \0$a17th Century (1601-1700)$1http://www.wikidata.org/entity/Q7016$920923
=648  \0$a18th Century (1701-1800)$1http://www.wikidata.org/entity/Q7015$920899
=648  \0$a19th Century (1801-1900)$1http://www.wikidata.org/entity/Q6955$920935
=650  \0$aCuckoo$1http://www.wikidata.org/entity/Q18845$922474
=650  \0$aSalon$1http://www.wikidata.org/entity/Q576342$923251
=651  \0$aItaly$1http://www.wikidata.org/entity/Q38$922
=651  \0$aGermany$1http://www.wikidata.org/entity/Q183$9155
=651  \0$aFrance$1http://www.wikidata.org/entity/Q142$9131
=942  \\$cBOO
=952  \\$00$10$2ddc$40$6HUM_TORN$70$8HUM$911547$aORPH$bORPH$cKM12_1$d2020-07-08$eKoopman$i42F32$oHUM TORN$p20121983$r2021-01-12 00:00:00$w2021-01-12$yBOO
=999  \\$d11562

