=LDR  00926aam a2200205   4500
=001  11563
=008  230825s1963\\\\|||g||||\||||\00|\0dita\d
=041  \\$aita
=100  \\$aTorrefranca, Fausto$d1883-1955$4aut$914447
=245  \\$aGiovanni Benedetto Platti e la sonata moderna
=260  \\$aMilan$bRicordi$c1963
=490  \\$aIstituzioni e monumenti dell'arte musicale italiana$v2
=648  \0$1http://www.wikidata.org/entity/Q7015$a18th Century (1701-1800)$920899
=650  \0$1http://www.wikidata.org/entity/Q36834$aComposer$93625
=650  \0$1http://www.wikidata.org/entity/Q131269$aSonata$921653
=650  \0$1http://www.wikidata.org/entity/Q846047$aMusic history$921373
=651  \0$1http://www.wikidata.org/entity/Q38$aItaly$922
=942  \\$cBOO
=952  \\$00$10$2ddc$40$6BIO_PLAT_E$70$8BIO$911548$aORPH$bORPH$cKTS1_P$d2020-07-08$eKoopman$i23C25$oBIO PLAT e$p20128565$r2021-01-12 00:00:00$w2021-01-12$yBOO$OKoopman
=999  \\$d11563

