=LDR  01084    a2200229   4500
=001  11567
=008  211025r17431929-uk\||||\||||\00|\0\eng\d
=041  \\$aeng
=100  \\$aTosi, Pier Francesco$dc. 1653-1732$1http://www.wikidata.org/entity/Q671057$95689
=245  \\$aObservations on the Florid Song; or Sentiments on the Ancient and Modern Singers.$bWritten in Italian by Pier Francesco Tosi
=260  \\$c1926$aLondon$bWilliam Reeves
=300  \\$a186 pages
=336  \\$aprinted
=561  \\$aEx Libris Ton Koopman
=648  \0$a18th Century (1701-1800)$1http://www.wikidata.org/entity/Q7015$920899
=650  \0$aVocal music$1http://www.wikidata.org/entity/Q685884$93319
=650  \0$aSinging$1http://www.wikidata.org/entity/Q27939$92767
=651  \0$aUnited Kingdom$1http://www.wikidata.org/entity/Q21$9273
=700  \\$4trl$aGalliard, John Ernest$d1687-1749$1http://www.wikidata.org/entity/Q278887$95157
=942  \\$cBOO
=952  \\$00$10$2ddc$40$6INS_2C$70$8INS$911552$aORPH$bORPH$cKTS0$d2020-07-08$eKoopman$i20C18$oINS2c$p20128096$r2021-01-12 00:00:00$w2021-01-12$yBOO
=999  \\$d11567

