=LDR  01032    a2200241   4500
=001  11569
=005  20251003085458.0
=008  230913|\\\\\\\\be\f||||\||||\00|\0\fre\d
=041  \\$afre
=100  \\$aTournay, Jean$914453$4aut
=245  \\$aArchives Dulcken
=250  \\$avolume 1
=260  \\$cs.d.$aBrussels$bMusée Instrumental Bruxelles
=300  \\$a235 pages
=490  \\$aPublications du Musée Instrumental de Bruxelles sous la direction de René de Maeyer, Conservateur
=600  \0$aDulcken, Johann Daniel$d1706-1757$926492
=610  \0$aMusical Instruments Museum (Brussels, Belgium)$922388
=648  \0$1http://www.wikidata.org/entity/Q192630$aPast$922196
=650  \0$1http://www.wikidata.org/entity/Q2352616$aCatalogue$921484
=650  \0$1http://www.wikidata.org/entity/Q901207$aKeyboard$923503
=942  \\$cBOO
=952  \\$00$10$2ddc$40$6INS_3_000000000000000_2B_BE_BRU$70$8INS$911554$aORPH$bORPH$cKTS0$d2020-07-08$eKoopman$i32D26$l0$oINS3.2b BE.BRU$p20123119$r2021-01-12 00:00:00$w2021-01-12$yBOO$OKoopman
=999  \\$d11569

