=LDR  01207aam a2200265   4500
=001  11570
=008  250203s2013\\\\||||||||\||||\00|\0cdut\d
=041  \\$adut$hfre
=100  \\$aTournemire, Charles$d1870-1939$914454$4aut
=245  \\$aCésar Franck
=260  \\$aHuizen$bVeerman Muziek$c2013
=490  \\$aGrote musici beschreven door hedendaagse meesters$v5
=534  \\$aOriginally published in 1931
=600  \0$aFranck, César$d1822-1890$1http://www.wikidata.org/entity/Q50187$910937
=648  \0$a19th Century (1801-1900)$1http://www.wikidata.org/entity/Q6955$920935
=650  \0$aComposer$1http://www.wikidata.org/entity/Q36834$93625
=650  \0$aOrganist$1http://www.wikidata.org/entity/Q765778$94471
=650  \0$aBiography$1http://www.wikidata.org/entity/Q36279$91927
=651  \0$aLiège (Belgium)$1http://www.wikidata.org/entity/Q3992$9240
=651  \0$aParis (France)$1http://www.wikidata.org/entity/Q90$9160
=700  \\$aVeerman, Joost$4edt$4trl$939618
=700  \\$aFidom, Hans$4win$915937
=942  \\$cBOO
=952  \\$00$10$2ddc$40$6BIO_FRAN_D$70$8BIO$911555$aORPH$bORPH$cKTS1_P$d2020-07-08$eKoopman$i44E45$oBIO FRAN d$p20126552$r2021-01-12 00:00:00$w2021-01-12$yBOO$OKoopman
=999  \\$d11570

