=LDR  01094cam a2200253u  4500
=001  11572
=005  20250926134856.0
=008  810825s1931\\\\enkag\\\\\\\\\000\0\eng\\
=040  \\$aOI
=041  \\$aeng
=100  1\$aTovey, Donald Francis,$d1875-1940.$4aut
=245  12$aA Companion to "The Art of Fugue"
=260  \\$aLondon$bOxford University Press$c1931
=300  \\$al-79 pages$bmusic$c19 cm
=561  \\$aEx libris Gustav Leonhardt
=600  \0$aBach, Johann Sebastian$d1685-1750$1http://www.wikidata.org/entity/Q1339$94766
=648  \0$a18th Century (1701-1800)$1http://www.wikidata.org/entity/Q7015$920899
=650  \0$aKunst der Fuge$1http://www.wikidata.org/entity/Q465878$923640
=650  \0$aFugue$1http://www.wikidata.org/entity/Q181014$93142
=650  \0$aCanon$1http://www.wikidata.org/entity/Q53831$92130
=650  \0$aMusical analysis$1http://www.wikidata.org/entity/Q1544924$92775
=942  \\$cBOO
=952  \\$00$10$40$6BIO_BACH1_E$70$8BIO$911557$aORPH$bORPH$cKTS1_P$d2020-07-08$eKoopman$i45D04$oBIO BACH1 e$p20127326$r2021-01-12 00:00:00$w2021-01-12$yBOO$OKoopman
=999  \\$d11572

