=LDR  01116cam a2200265 i 4500
=001  11573
=005  20250120120029.0
=008  750722s1954\\\\enkabfg\\b\\\\001\0\eng\\
=040  \\$aOI
=041  \\$aeng
=100  1\$aWorsthorne, Simon Towneley$4aut
=245  10$aVenetian Opera in the Seventeenth Century
=260  \\$aOxford$bClarendon$c1954
=300  \\$avii, 194 p., [15] leaves of plates (1 fold.) :$bill., facsims., map, music ;$c29 cm.
=500  \\$aIncludes indexes.
=504  \\$aBibliography: p. [183]-187.
=504  \\$a"Supplementary bibliography (September 1968)": p. [188]
=561  \\$aEx libris Laura Dobbenga
=648  \0$a17th Century (1601-1700)$1http://www.wikidata.org/entity/Q7016$920923
=650  \0$aMusic history$1http://www.wikidata.org/entity/Q846047$921373
=650  \0$aOpera$1http://www.wikidata.org/entity/Q1344$92468
=852  4\$bCA20$cDEPM$jDEPM.L66.33A022$p000010308778
=942  \\$cBOO
=952  \\$00$10$2ddc$40$6TOP_IT_VEN1_5_000000000000000$70$8TOP$911558$aORPH$bORPH$cKTS0$d2020-07-08$eKoopman$i44B25$oTOP IT.VEN1 5$p20126688$r2021-01-12 00:00:00$w2021-01-12$yBOO
=999  \\$d11573

