=LDR  00364    a2200109   4500
=001  11577
=100  \\$aTrautmann, C.$914460
=245  \\$a"Calovii Schrifften. 3.Bände"
=260  \\$c1969
=942  \\$cBOO
=952  \\$00$10$2ddc$40$6BIO_BACH1_C$70$8BIO$911562$aORPH$bORPH$cKTS1_P$d2020-07-08$eKoopman$i21F44$oBIO BACH1 c$p20125531$r2021-01-12 00:00:00$w2021-01-12$yBOO
=999  \\$c11577$d11577

