=LDR  01517nam a2200301 a 4500
=001  11580
=005  20250121142128.0
=008  890815s1987\\\\gw\a\\\\\b\\\\000\0bger\\
=040  \\$aOI
=041  \\$ager
=043  \\$ae-ge---
=050  00$aML418.P7$bT7 1987
=082  00$a787.2/092$aB$220
=100  1\$aTreuheit, Albrecht.$4aut
=245  10$aJohann Georg Pisendel (1687-1755):$bGeiger, Konzertmeister, Komponist. Dokumentation seines Lebens, seines Wirkens und Umgangs und seines Werkes, nachgezeichnet aus Biographien, Kommentaren und Veröffentlichungen der letzten 250 Jahre
=260  \\$a[Cadolzburg]$bHeimatverein Cadolzburg$c1987
=300  \\$a302 pages$billustrations$c24 cm
=504  \\$aIncludes bibliographical references (p. 293-299). Thematic catalog: p. 99-108.
=600  \0$aPisendel, Johann Georg$d1687-1755$1http://www.wikidata.org/entity/Q508635$914818
=648  \0$a18th Century (1701-1800)$1http://www.wikidata.org/entity/Q7015$920899
=650  \0$aViolinist$1http://www.wikidata.org/entity/Q1259917$93278
=650  \0$aConcertmaster$1http://www.wikidata.org/entity/Q691031$926228
=650  \0$aComposer$1http://www.wikidata.org/entity/Q36834$93625
=650  \0$aBiography$1http://www.wikidata.org/entity/Q36279$91927
=651  \0$aDresden (Germany)$1http://www.wikidata.org/entity/Q1731$947
=942  \\$cBOO
=952  \\$00$10$2ddc$40$6BIO_PISE_E$70$8BIO$911565$aORPH$bORPH$cKTS1_P$d2020-07-08$eKoopman$i30B01$oBIO PISE e$p20123425$r2021-01-12 00:00:00$w2021-01-12$yBOO$OKoopman
=999  \\$d11580

