=LDR  01066aam a2200229   4500
=001  11583
=005  20250925143259.0
=008  240523s1977\\\\||||||||\||||\00|\0bfre\d
=041  \\$afre
=100  \\$aTrieu-Colleney, Christiane$4aut$914466
=245  \\$aJeanne Demessieux,$bune vie de luttes et de gloire
=260  \\$a[Paris]$bÉditions Universelles$c1977
=600  \0$aDemessieux, Jeanne$d1921-1968$1http://www.wikidata.org/entity/Q292350$927379
=648  \0$a20th Century (1901-2000)$1http://www.wikidata.org/entity/Q6927$920936
=650  \0$aComposer$1http://www.wikidata.org/entity/Q36834$93625
=650  \0$aPianist$1http://www.wikidata.org/entity/Q486748$92959
=650  \0$aOrganist$1http://www.wikidata.org/entity/Q765778$94471
=650  \0$aBiography$1http://www.wikidata.org/entity/Q36279$91927
=651  \0$aFrance$1http://www.wikidata.org/entity/Q142$9131
=942  \\$cBOO
=952  \\$00$10$2ddc$40$6BIO_DEME_D$70$8BIO$911568$aORPH$bORPH$cKTS1_P$d2020-07-08$eKoopman$i22D13$l0$oBIO DEME d$p20128463$r2021-01-12 00:00:00$w2021-01-12$yBOO$OKoopman
=999  \\$d11583

