=LDR  00875    a2200205   4500
=001  11584
=008  211213s1952\\\\\\\|||||\m|||\00|\0ddut\d
=041  \\$adut
=100  \\$aTrimp, J. C.$4aut$914467
=245  \\$aJoost van Lodensteyn als piëtistisch dichter
=260  \\$aDjakarta$aGroningen$bWolters$c1952
=500  \\$aDoctoral dissertation
=648  \0$a17th Century (1601-1700)$1http://www.wikidata.org/entity/Q7016$920923
=650  \0$aWriter$1http://www.wikidata.org/entity/Q36180$93885
=650  \0$aPoetry$1http://www.wikidata.org/entity/Q482$93026
=650  \0$aPietism$1http://www.wikidata.org/entity/Q193664$923132
=651  \0$aNetherlands$1http://www.wikidata.org/entity/Q55$9173
=942  \\$cBOO
=952  \\$00$10$2ddc$40$6BIO_LODE_E$70$8BIO$911569$aORPH$bORPH$cKTS1_P$d2020-07-08$eKoopman$i46A08$oBIO LODE e$p20127591$r2021-01-12 00:00:00$w2021-01-12$yBOO
=999  \\$d11584

