=LDR  01336cam a2200301 a 4500
=001  11587
=005  20250120120545.0
=008  880119s1987\\\\ne\a\\\\\b\\\\000\0dmul\\
=020  \\$a9060115635 :$cfl 49.50
=040  \\$aOI
=041  0\$adut$aeng
=100  \\$aTromp, Heimerick$4aut$914468
=240  10$aHuis te Soestdijk
=245  14$aHet huijs te Soestdijck:$bhet Koninklijk Paleis Soestdijk historisch gezien = the Royal Palace Soestdijk in a historical view
=260  \\$aZutphen$bWalburg$c1987
=300  \\$a150 pages$billustrations (some color)$c29 cm
=500  \\$aDutch and English.
=504  \\$aIncludes bibliographical references (p. 149-150).
=610  \0$aHouse of Orange-Nassau$1http://www.wikidata.org/entity/Q155483$922880
=650  \0$aCastle$1http://www.wikidata.org/entity/Q23413$92088
=650  \0$aArchitecture$1http://www.wikidata.org/entity/Q12271$93185
=650  \0$aInterior design$1http://www.wikidata.org/entity/Q179232$921367
=650  \0$aApplied arts$1http://www.wikidata.org/entity/Q2865882$921627
=650  \0$aCourt$922191
=651  \0$aSoestdijk (Netherlands)$1http://www.wikidata.org/entity/Q2214216$923588
=942  \\$cBOO
=952  \\$00$10$2ddc$40$6TOP_NL_SOE$70$8TOP$911572$aORPH$bORPH$cKTS0$d2020-07-08$eKoopman$i22A01$oTOP NL.SOE$p20125631$r2021-01-12 00:00:00$w2021-01-12$yBOO
=999  \\$d11587

