=LDR  00994cam a2200253 p 4500
=001  11588
=005  20250925143259.0
=008  780111s1976\\\\sz\a\\\\\\\\\\000\0\ger\\
=015  \\$aSw77-1332
=020  \\$a3764308982 :$c38.00F
=040  \\$aOI
=041  0\$agerengfre
=245  00$aAntoinette Vischer :$bDokumente zu einem Leben für das Cembalo /$czusgest. von Ule Troxler ; hrsg. von Markus Kutter.
=250  \\$a1. Aufl.
=260  \\$aBasel :$bBirkhäuser,$c1976.
=300  \\$a181 p. :$bill. ;$c27 cm.
=600  \0$aVischer, Antoinette$914469
=650  \0$aHarpsichord$1http://www.wikidata.org/entity/Q81982$92125
=700  \\$aTroxler, Ule$914470
=700  \\$aKutter, Markus,$d1925-2005.$914471
=942  \\$cBOO
=952  \\$00$10$2ddc$40$6BIO_VISC_B$70$8BIO$911573$aORPH$bORPH$cKTS1_P$d2020-07-08$eKoopman$i28D03$l0$oBIO VISC b$p20123606$r2021-01-12 00:00:00$w2021-01-12$yBOO$OKoopman
=999  \\$c11588$d11588
=648  \0$a20th Century (1901-2000)$1http://www.wikidata.org/entity/Q6927$920936

