=LDR  00368    a2200109   4500
=001  11592
=100  \\$aTroyes, K. von$914474
=245  \\$aWilhelm von England (Guillaume d'
=260  \\$c1911
=942  \\$cBOO
=952  \\$00$10$2ddc$40$6LIT_TROY_A$70$8LIT$911577$aORPH$bORPH$cKM12_2_H$d2020-07-08$eKoopman$i43D42$oLIT TROY a$p20126488$r2021-01-12 00:00:00$w2021-01-12$yBOO
=999  \\$c11592$d11592

