=LDR  01141nam a2200253 a 4500
=001  11596
=005  20250120115948.0
=008  920604s1991\\\\ne\a\\\\\bc\\\000\0\dut\\
=020  \\$a9066303166
=040  \\$aOI
=041  0\$aduteng
=100  \\$aTümpel, Astrid$914478
=245  10$aPieter Lastman :$bleermeester van Rembrandt = the man who taught Rembrandt /$cAstrid Tümpel & Peter Schatborn met bijdragen van by Christian Tümpel, Ed de Heer, Marijke Holtrop.
=260  \\$aZwolle :$bWaanders ;$aAmsterdam :$bRembrandthuis,$cc1991.
=300  \\$a190 p. :$bill. (some col.) ;$c28 cm.
=504  \\$aIncludes bibliographical references (p. 180-189).
=600  \0$aLastman, Pieter,$d1583-1633$914479
=600  \0$aLastman, Pieter,$d1583-1633$914479
=600  \0$aRembrandt$d1606-1669$1http://www.wikidata.org/entity/Q5598$914481
=700  \\$aSchatborn, Peter$914482
=710  \\$aMuseum Het Rembrandthuis (Amsterdam, Netherlands)$91600
=942  \\$cBOO
=952  \\$00$10$2ddc$40$6BIO_LAST_E$70$8BIO$911581$aORPH$bORPH$cKTS1_P$d2020-07-08$eKoopman$i21A23$oBIO LAST e$p20128321$r2021-01-12 00:00:00$w2021-01-12$yBOO$OKoopman
=999  \\$c11596$d11596

