=LDR  01842pam a2200361 a 4500
=001  11598
=005  20250121142128.0
=008  960909s1997\\\\enka\\\\\b\\\\001\0\eng\\
=020  \\$a0198164394
=040  \\$aOI
=041  \\$aeng
=100  \\$aTunley, David$4aut$914484
=245  14$aThe Eighteenth-Century French Cantata
=250  \\$a2nd ed.
=260  \\$aOxford$bClarendon$c1997
=300  \\$axv-278 pages$billustrations$c24 cm
=504  \\$aIncludes bibliographical references and index.
=600  \0$aMorin, Jean-Baptiste$d1677-1745$1http://www.wikidata.org/entity/Q1293198$97047
=600  \0$aBernier, Nicolas$d1665-1734$1http://www.wikidata.org/entity/Q428547$95844
=600  \0$aStuck, Jean-Baptiste$d1680-1755$1http://www.wikidata.org/entity/Q1445634$96953
=600  \0$aCampra, André$d1660-1744$1http://www.wikidata.org/entity/Q313860$95039
=600  \0$aBourgeois, Thomas-Louis$d1676-1750$1http://www.wikidata.org/entity/Q2421835$97063
=600  \0$aJacquet de La Guerre, Élisabeth-Claude$d1665-1729$1http://www.wikidata.org/entity/Q57704$910168
=600  \0$aClérambault, Louis-Nicolas$d1676-1749$1http://www.wikidata.org/entity/Q470149$97049
=648  \0$a18th Century (1701-1800)$1http://www.wikidata.org/entity/Q7015$920899
=650  \0$aCantata$1http://www.wikidata.org/entity/Q174873$921603
=650  \0$aMusic history$1http://www.wikidata.org/entity/Q846047$921373
=650  \0$aMusical analysis$1http://www.wikidata.org/entity/Q1544924$92775
=651  \0$aFrance$1http://www.wikidata.org/entity/Q142$9131
=856  \\$uhttp://www.loc.gov/catdir/enhancements/fy0606/96043572-d.html$3Publisher description
=942  \\$cBOO
=952  \\$00$10$2ddc$40$6TOP_FR_5_000000000000000$70$8TOP$911583$aORPH$bORPH$cKTS0$d2020-07-08$eKoopman$i24F21$oTOP FR 5$p20125864$r2021-01-12 00:00:00$w2021-01-12$yBOO
=999  \\$d11598

