=LDR  01392cam a2200289 a 4500
=001  11599
=008  931013s1994\\\\nyua\\\\\b\\\\001\0\eng\|
=041  \\$aeng
=100  \\$aTurbet, Richard$4aut$914485
=245  10$aTudor Music:$bA Research and Information Guide 
=260  \\$aNew York$bGarland$c1994
=300  \\$axiii-247 pages
=490  \\$aMusic research and information guides$v18
=490  \\$aGarland reference library of the humanities$v1122
=590  \\$aWith an appendix updating William Byrd, a guide to research
=600  \0$aByrd, William$d1539/40-1623$1http://www.wikidata.org/entity/Q208375$910065
=610  \0$aHouse of Tudor$1http://www.wikidata.org/entity/Q101978$922790
=648  \0$a16th Century (1501-1600)$1http://www.wikidata.org/entity/Q7017$920944
=648  \0$a17th Century (1601-1700)$1http://www.wikidata.org/entity/Q7016$920923
=650  \0$aMusic history$1http://www.wikidata.org/entity/Q846047$921373
=650  \0$aCourt$922191
=650  \0$aCappella$1http://www.wikidata.org/entity/Q19902156$922910
=650  \0$aBibliography$1http://www.wikidata.org/entity/Q134995$93965
=651  \0$aUnited Kingdom$1http://www.wikidata.org/entity/Q21$9273
=942  \\$cBOO
=952  \\$00$10$2ddc$40$6TOP_GB_4_000000000000000$70$8TOP$911584$aORPH$bORPH$cKTS0$d2020-07-08$eKoopman$i28E11$l0$oTOP GB 4$p20121377$r2021-01-12 00:00:00$w2021-01-12$yBOO$OKoopman
=999  \\$d11599

