=LDR  01764nam a22003257i 4500
=001  11603
=003  OI
=005  20250121142128.0
=008  940418s1952\\\\it\||||||\\\\|||||\|||||c
=040  \\$bitaOI
=041  \7$aita
=100  1\$aTurrini, Giuseppe$d1889-1978$1http://www.wikidata.org/entity/Q21542070$4aut$914490
=245  13$aIl patrimonio musicale della Biblioteca Capitolare di Verona dal sec. 15. al 19.
=260  \\$aVerona$bLa Tipografica Veronese$c1952
=300  \\$a83 pages, [2] pages of tables:$billustrations$c24 cm
=500  \\$aOffprint from Atti dell'Accademia di Agricoltura, Scienze e Lettere di Verona, Serie VI, Vol. II, Anno 1950-51.
=610  \0$aBiblioteca capitolare di Verona (Italy)$1http://www.wikidata.org/entity/Q2901256$927346
=648  \0$a15th Century (1401-1500)$1http://www.wikidata.org/entity/Q7018$921015
=648  \0$a16th Century (1501-1600)$1http://www.wikidata.org/entity/Q7017$920944
=648  \0$a17th Century (1601-1700)$1http://www.wikidata.org/entity/Q7016$920923
=648  \0$a18th Century (1701-1800)$1http://www.wikidata.org/entity/Q7015$920899
=648  \0$a19th Century (1801-1900)$1http://www.wikidata.org/entity/Q6955$920935
=650  \0$aChurch music$1http://www.wikidata.org/entity/Q8812109$92283
=650  \0$aManuscript$1http://www.wikidata.org/entity/Q87167$92275
=650  \0$aCatholicism$1http://www.wikidata.org/entity/Q1841$921631
=650  \0$aLibrary$1http://www.wikidata.org/entity/Q7075$94229
=651  \0$aVerona (Italy)$1http://www.wikidata.org/entity/Q2028$921086
=942  \\$cBOO
=952  \\$00$10$2ddc$40$6BIB_4_000000000000000_IT_VER$70$8BIB$911588$aORPH$bORPH$cKTS0$d2020-07-08$eKoopman$i34A14$l0$oBIB4 IT.VER$p20122647$r2021-01-12 00:00:00$w2021-01-12$yBOO$OKoopman
=999  \\$d11603

