=LDR  01024aam a2200217   4500
=001  11604
=008  220804s1958\\\\|||g||||\||||\00|\0\eng\d
=041  \\$aeng
=100  \\$aTusler, R. L.$4aut$914491
=245  \\$aThe Organ Music of Jan Pieterszoon Sweelinck
=260  \\$aBilthoven$bCreyghton$c1958
=300  \\$a2 vols. in box
=600  \0$aSweelinck, Jan Pieterszoon$d1562-1621$1http://www.wikidata.org/entity/Q110294$911454
=648  \0$a16th Century (1501-1600)$1http://www.wikidata.org/entity/Q7017$920944
=648  \0$a17th Century (1601-1700)$1http://www.wikidata.org/entity/Q7016$920923
=650  \0$aOrgan music$1http://www.wikidata.org/entity/Q2003283$91951
=650  \0$aMusical analysis$1http://www.wikidata.org/entity/Q1544924$92775
=651  \0$aAmsterdam (Netherlands)$1http://www.wikidata.org/entity/Q727$9135
=942  \\$cBOO
=952  \\$00$10$2ddc$40$6BIO_SWEE1_E$70$8BIO$911589$aORPH$bORPH$cKTS1_P$d2020-07-08$eKoopman$i21D37$l0$oBIO SWEE1 e$p20128265$r2021-01-12 00:00:00$w2021-01-12$yBOO$OKoopman
=999  \\$d11604

