=LDR  00344    a2200109   4500
=001  11606
=100  \\$aTuyll van Seroosker$914492
=245  \\$aProbleme des Bachporträts
=260  \\$c1956
=942  \\$cBOO
=952  \\$00$10$40$70$8BIO$911590$aORPH$bORPH$cKTS1_P$d2020-07-08$eKoopman$i22D63$p20128417$r2021-01-12 00:00:00$w2021-01-12$yBOO$OKoopman
=999  \\$c11606$d11606

