=LDR  01267    a2200277   4500
=001  11610
=008  211119s1992\\\\-ukag|||\||||\00|\0\eng\d
=020  \\$a9780198163022
=041  \\$aeng
=245  \\$aThe Early Mandolin.$bThe Mandolino and the Neapolitan Mandoline
=260  \\$c1989$aOxford$bClarendon Press
=300  \\$a186 pages
=336  \\$aprinted
=490  \\$aEarly Music Series 9
=648  \0$a17th Century (1601-1700)$1http://www.wikidata.org/entity/Q7016$920923
=648  \0$a18th Century (1701-1800)$1http://www.wikidata.org/entity/Q7015$920899
=650  \0$aMandolin$1http://www.wikidata.org/entity/Q302497$922844
=650  \0$aPlucked string instrument$1http://www.wikidata.org/entity/Q230262$921883
=650  \0$aGuitar$1http://www.wikidata.org/entity/Q6607$921152
=650  \0$aMusic history$1http://www.wikidata.org/entity/Q846047$921373
=651  \0$aNaples (Italy)$1http://www.wikidata.org/entity/Q2634$921
=700  \\$4aut$aTyler, James$d1940-2010$1http://www.wikidata.org/entity/Q6144494$922968
=700  \\$4aut$aSparks, Paul$d-1969$922969
=942  \\$cBOO
=952  \\$00$10$2ddc$40$6INS_5_000000000000000_2A$70$8INS$911594$aORPH$bORPH$cKTS0$d2020-07-08$eKoopman$i23D05$oINS5.2a$p20128615$r2021-01-12 00:00:00$w2021-01-12$yBOO
=999  \\$d11610

