=LDR  01219aam a2200241   4500
=001  11611
=008  250211s1996\\\\||||||||\||||\00|\0\dut\d
=020  \\$a9074577059
=041  \\$adut
=100  \\$aUitman, H.$914498$4aut
=245  \\$aToen de Parijse benen de Moerdijk passeerden!$bDe invloed van de Parijse boulevardtheaters op het Amsterdamse ballet (1813-1868)
=260  \\$aThe Hague$bPauper Press$c1996
=490  \\$aNederlandse Dansstudies$v1
=648  \0$a19th Century (1801-1900)$1http://www.wikidata.org/entity/Q6955$920935
=650  \0$aBallet$1http://www.wikidata.org/entity/Q41425$94412
=650  \0$aInfluence$1http://www.wikidata.org/entity/Q1307337$1http://www.wikidata.org/entity/Q16578639$922289
=650  \0$aTheater$1http://www.wikidata.org/entity/Q24354$92225
=650  \0$aMelodrama$1http://www.wikidata.org/entity/Q191489$927668
=651  \0$aParis (France)$1http://www.wikidata.org/entity/Q90$9160
=651  \0$aAmsterdam (Netherlands)$1http://www.wikidata.org/entity/Q727$9135
=942  \\$cBOO
=952  \\$00$10$2ddc$40$6TOP_NL_AMS_6_000000000000000$70$8TOP$911595$aORPH$bORPH$cKTS0$d2020-07-08$eKoopman$i43G02$l0$oTOP NL.AMS 6$p20126811$r2021-01-12 00:00:00$w2021-01-12$yBOO$OKoopman
=999  \\$d11611

