=LDR  01026aam a2200217   4500
=001  11612
=008  230510s2001\\\\||||||||\||||\00|\0\dut\d
=020  \\$a9789058601322
=041  \\$adut
=100  \\$aUitman, H.$914498$4aut
=245  \\$aDe schouwburg liep vol wanneer het ballet begon:$bhoogtepunten van het romantische ballet in Amsterdam (1836-1861)
=260  \\$c2001
=300  \\$a192 pages
=610  \0$1http://www.wikidata.org/entity/Q2040000$aKoninklijke Schouwburg (The Hague, Netherlands)$91680
=648  \0$1http://www.wikidata.org/entity/Q6955$a19th Century (1801-1900)$920935
=650  \0$1http://www.wikidata.org/entity/Q41425$aBallet$94412
=650  \0$1http://www.wikidata.org/entity/Q1061140$aTheater history$94607
=651  \0$1http://www.wikidata.org/entity/Q727$aAmsterdam (Netherlands)$9135
=942  \\$cBOO
=952  \\$00$10$2ddc$40$6TOP_NL_AMS_6_000000000000000$70$8TOP$911596$aORPH$bORPH$cKTS0$d2020-07-08$eKoopman$i43G03$l0$oTOP NL.AMS 6$p20126810$r2021-01-12 00:00:00$w2021-01-12$yBOO$OKoopman
=999  \\$d11612

