=LDR  01005aam a2200205   4500
=001  11613
=008  230419s1928\\\\gw\g||||\||||\00|\0\ger\d
=041  \\$ager
=100  \\$aUldall, Hans$4aut$914499
=245  \\$aDas Klavierkonzert der Berliner Schule mit kurzem Uberblick über seine allgemeine Entstehungsgeschichte und spätere Entwicklung
=260  \\$aLeipzig$bBreitkopf & Härtel$c1928
=300  \\$a119 pages
=490  \\$aSammlung musikwissenschaftlicher Einzeldarstellungen$v10
=648  \0$1http://www.wikidata.org/entity/Q7015$a18th Century (1701-1800)$920899
=650  \0$aConcerto$1http://www.wikidata.org/entity/Q9748$921817
=650  \0$aKeyboard instrument$1http://www.wikidata.org/entity/Q52954$92849
=651  \0$1http://www.wikidata.org/entity/Q64$aBerlin (Germany)$948
=942  \\$cBOO
=952  \\$00$10$2ddc$40$6INS_3_000000000000000_3D_DE_BER$70$8TOP$911597$aORPH$bORPH$cKTS0$d2020-07-08$eKoopman$i22D52$l0$oINS3.3d DE.BER$p20128428$r2021-01-12 00:00:00$w2021-01-12$yBOO$OKoopman
=999  \\$d11613

