=LDR  01077pam a2200253 a 4500
=001  11616
=005  20250120120318.0
=008  891023s1990\\\\nyug\\\\\b\\\\001\0\eng\\
=020  \\$a0820412368 :$c$30.00
=040  \\$aOI
=041  \\$aeng
=100  \\$aUnger, Melvin P.$d-1950$4aut$914502
=245  14$aThe German Choral Church Compositions of Johann David Heinichen, 1683-1729
=260  \\$aNew York$bLang$c1990
=300  \\$ax, 248 p. :$bmusic ;$c24 cm.
=490  \\$aAmerican University Studies$v14
=504  \\$aIncludes bibliographical references (p. 233-243) and index.
=600  \0$aHeinichen, Johann David$d1683-1729$1http://www.wikidata.org/entity/Q506627$95215
=650  \0$aChoral music$1http://www.wikidata.org/entity/Q1076513$94368
=650  \0$aCantata$1http://www.wikidata.org/entity/Q174873$921603
=651  \0$aGermany$1http://www.wikidata.org/entity/Q183$9155
=942  \\$cBOO
=952  \\$00$10$2ddc$40$6BIO_HEIN_E$70$8BIO$911600$aORPH$bORPH$cKTS1_P$d2020-07-08$eKoopman$i31C12$l0$oBIO HEIN e$p20123258$r2021-01-12 00:00:00$w2021-01-12$yBOO
=999  \\$c11616$d11616

