=LDR  01319cam a22002411i 4500
=001  11618
=008  790517s1974\\\\\\\ag\\\\bd\\\000\0cger\|
=041  \\$ager
=245  00$aMusik und Musiker am Mittelrhein.$bEin biographisches, orts- und landesgeschichtliches Nachschlagewerk $nBand 1
=260  \\$aMainz$bSchott$c1974
=300  \\$a183 pages
=490  \\$aBeiträge zur mittelrheinischen Musikgeschichte$vNr. 20
=504  \\$aIncludes bibliographies.
=590  \\$ain Verbindung mit den Musikwissenschfaftlichen Instituten der Universitäten Frankfurt a. Mainz und Saarbrücken, unter Mitarbeit zahlreicher Musik- und Lokalgeschichtsforscher 
=650  \0$aMusic history$1http://www.wikidata.org/entity/Q846047$921373
=650  \0$aBiography$1http://www.wikidata.org/entity/Q36279$91927
=650  \0$aDictionary$1http://www.wikidata.org/entity/Q23622$921580
=651  \0$aMittelrhein (Rheinland-Pfalz, Germany)$1http://www.wikidata.org/entity/Q60663695$939966
=700  \\$aBösken, Franz$914505$4ctb
=700  \\$aUnverricht, Hubert$d1927-2017$1http://www.wikidata.org/entity/Q1633468$914509$4edt
=942  \\$cBOO
=952  \\$00$10$2ddc$40$6TOP_DE_MITT_0_000000000000000$70$8TOP$911602$aORPH$bORPH$cKTS0$d2020-07-08$eKoopman$i19D24$l0$oTOP DE.MITT 0$p20127844$r2021-01-12 00:00:00$w2021-01-12$yBOO$OKoopman
=999  \\$d11618

