=LDR  01152cam a2200253 a 4500
=001  11620
=005  20250121142128.0
=008  970122s1991\\\\gw\\\\\\\bc\\\000\0dger\d
=035  \\$a(OCoLC)25480232 
=040  \\$aMiU$cMiU$dDLC
=041  \\$ager
=245  00$aCarl Ditters von Dittersdorf, 1739-1799:$bder Schlesische Opernkomponist
=260  \\$aWürzburg$bBergstadtverlag W.G. Korn$c1991
=300  \\$a83 p. :$bill., facsims. ;$c21 cm.
=504  \\$aIncludes bibliographical references (p. 83).
=600  \0$aDittersdorf, Karl Ditters von$d1739-1799$1http://www.wikidata.org/entity/Q78522$97659
=648  \0$a18th Century (1701-1800)$1http://www.wikidata.org/entity/Q7015$920899
=651  \0$aAustria$1http://www.wikidata.org/entity/Q40$9202
=700  \\$aUnverricht, Hubert$d1927-2017$4edt$1http://www.wikidata.org/entity/Q1633468$914509
=700  \\$aLandmann, Ortrun$4edt$911683
=942  \\$cBOO
=952  \\$00$10$2ddc$40$6BIO_DITT_D$70$8BIO$911604$aORPH$bORPH$cKTS1_P$d2020-07-08$eKoopman$i22A18$l0$oBIO DITT d$p20125615$r2021-01-12 00:00:00$w2021-01-12$yBOO
=999  \\$c11620$d11620
=650  \0$aBiography$1http://www.wikidata.org/entity/Q36279$91927

