=LDR  00787aam a2200181   4500
=001  11621
=008  230529b\\\\\\\\||||||||\||||\00|\0\###\d
=041  \\$ager
=100  \\$aUnverricht, Hubert$d1927-2017$1http://www.wikidata.org/entity/Q1633468$914509
=245  \\$aDie beiden Hoffstetter:$bKomponisten-Portrars mit Werkverzeichnissen
=260  \\$c1968$aMainz$bSchott
=300  \\$a80 pages
=490  \\$aBeiträge zur Mittelrheinischen Musikgeschichte$v10
=650  \0$1http://www.wikidata.org/entity/Q36834$aComposer$93625
=650  \0$1http://www.wikidata.org/entity/Q846047$aMusic history$921373
=942  \\$cBOO
=952  \\$00$10$2ddc$40$6BIO_HOFF_A$70$8BIO$911605$aORPH$bORPH$cKTS1_P$d2020-07-08$eKoopman$i32F13$oBIO HOFF a$p20123090$r2021-01-12 00:00:00$w2021-01-12$yBOO$OKoopman
=999  \\$d11621

