=LDR  00929nam a22002417i 4500
=001  11627
=003  OI
=005  20250120115952.0
=008  101118s1983\\\\it\||||||\\\\|||||\|||||c
=020  \\$a8876660194
=040  \\$bOI
=041  \7$aita
=100  1\$aValcanover, Francesco$4aut
=245  10$aJacopo Tintoretto e la Scuola grande di San Rocco
=260  \\$aVenice$bStorti$c1983
=300  \\$a127 pages$billustrations$c25 cm
=600  \0$aTintoretto$d1518-1594$1http://www.wikidata.org/entity/Q9319$914794
=648  \0$a16th Century (1501-1600)$1http://www.wikidata.org/entity/Q7017$920944
=650  \0$aFine art$1http://www.wikidata.org/entity/Q219625$921579
=651  \0$aVenice (Italy)$1http://www.wikidata.org/entity/Q641$91
=942  \\$cBOO
=952  \\$00$10$2ddc$40$6BIO_TINT_E$70$8BIO$911611$aORPH$bORPH$cKTS1_P$d2020-07-08$eKoopman$i21E26$oBIO TINT  e$p20125459$r2021-01-12 00:00:00$w2021-01-12$yBOO$OKoopman
=999  \\$d11627

