=LDR  00815aam a2200193   4500
=001  11628
=008  250210s1964\\\\|||a||||\||||\00|\0bita\d
=041  \\$aita
=100  \\$aValcanover, F.$914514$4aut
=245  \\$aPietro Longhi
=260  \\$aMilan$bFabbri$c1964
=490  \\$aI maestri del colore$v21
=600  \0$aLonghi, Pietro$d1701-1785$1http://www.wikidata.org/entity/Q447058$924182
=648  \0$a18th Century (1701-1800)$1http://www.wikidata.org/entity/Q7015$920899
=650  \0$aFine art$1http://www.wikidata.org/entity/Q219625$921579
=651  \0$aVenice (Italy)$1http://www.wikidata.org/entity/Q641$91
=942  \\$cBOO
=952  \\$00$10$2ddc$40$6BIO_LONG_BA_OF_D$70$8BIO$911612$aORPH$bORPH$cKTS1_P$d2020-07-08$eKoopman$i25F17$oBIO LONG b-->a of d$p20129415$r2021-01-12 00:00:00$w2021-01-12$yBOO$OKoopman
=999  \\$d11628

