=LDR  00985aam a2200217   4500
=001  11629
=008  221128s1990\\\\pt\fa|||\||||\00|\0\por\d
=041  \\$apor
=100  \\$aValença, Manuel$4aut$914515
=245  \\$aA Arte Organística em Portugal (c. 1326-1750)
=260  \\$c1990$aBraga$bEditorial Franciscana
=300  \\$a310 pages
=648  \0$aMiddle Ages (500-1400)$1http://www.wikidata.org/entity/Q12554$920964
=650  \0$aOrgan$1http://www.wikidata.org/entity/Q1444$92810
=650  \0$aOrganology$1http://www.wikidata.org/entity/Q899293$921400
=650  \0$aTablature$1http://www.wikidata.org/entity/Q143217$93722
=650  \0$aMusic history$1http://www.wikidata.org/entity/Q846047$921373
=651  \0$aLisbon (Portugal)$1http://www.wikidata.org/entity/Q597$9249
=942  \\$cBOO
=952  \\$00$10$2ddc$40$6INS_3_000000000000000_1A_PT$70$8INS$911613$aORPH$bORPH$cKTS0$d2020-07-08$eKoopman$i25E26$l0$oINS3.1a PT$p20129365$r2021-01-12 00:00:00$w2021-01-12$yBOO$OKoopman
=999  \\$d11629

