=LDR  00354    a2200109   4500
=001  11630
=100  \\$aValentin, Erich$d1906-1993$914814
=245  \\$aBeethoven
=260  \\$c1964
=942  \\$cBOO
=952  \\$00$10$2ddc$40$6BIO_BEET_D$70$8BIO$911614$aORPH$bORPH$cKTS1_P$d2020-07-08$eKoopman$i31E19$oBIO BEET d$p20123212$r2021-01-12 00:00:00$w2021-01-12$yBOO
=999  \\$c11630$d11630

