=LDR  00888cam a2200205 i 4500
=001  11631
=005  20250205110319.0
=008  791116s1977\\\\gw\a\\\\\b\\\\000\0bger\\
=015  \\$aGFR78-B3
=040  \\$aOI
=100  1\$aValentin, Erich,$d1906-1993.$4aut
=245  14$aEin Freund Mozarts: Johann Christoph v. Zabuesnig (1747-1827)
=260  \\$aAugsburg$bDeutsche Mozart-Gesellschaft$c1977
=300  \\$a100 p. :$bill. (some col.) ;$c21 cm.
=504  \\$aIncludes bibliographical references.
=600  \0$aZabuesnig, Johann Christoph von$d1747-1827$1http://www.wikidata.org/entity/Q267397$920889
=600  \0$aMozart, Wolfgang Amadeus$d1756-1791$1http://www.wikidata.org/entity/Q254$95341
=942  \\$cBOO
=952  \\$00$10$2ddc$40$6BIO_ZABU_D$70$8BIO$911615$aORPH$bORPH$cKTS1_P$d2020-07-08$eKoopman$g5.00$i32G23$l0$oBIO ZABU d$p20122802$r2021-01-12 00:00:00$w2021-01-12$yBOO
=999  \\$c11631$d11631

