=LDR  00793cam a2200193 a 4500
=001  11632
=005  20211001160120.0
=008  920624s1991\\\\gw\cf\\\\\\\\\000\0bger\\
=020  \\$z3980094555
=040  \\$aOI
=100  1\$aValentin, Erich,$d1906-1993.
=245  10$a"Madame Mutter" :$bAnna Maria Walburga Mozart (1720-1778) /$cErich Valentin ; herausgegeben von der Deutschen Mozart-Gesellschaft.
=260  \\$aAugsburg :$bDie Gesellschaft,$cc1991.
=300  \\$a57 p. :$bports., pls. ;$c22 cm.
=600  10$aMozart, Anna Maria Walburga,$d1720-1778.
=710  2\$aDeutsche Mozart-Gesellschaft.
=952  \\$00$10$2ddc$40$6BIO_MOZA0_D$70$8BIO$911616$aORPH$bORPH$cKTS1_P$d2020-07-08$eKoopman$i46E29$oBIO MOZA0 d$p20126938$r2021-01-12 00:00:00$w2021-01-12$yBOO$OKoopman
=999  \\$c11632$d11632
=942  \\$cBOO

