=LDR  01188aam a2200253   4500
=001  11633
=005  20251021155627.0
=008  251021s2015\\\\|||ago||\m|||\00|\0\eng\d
=020  \\$a9788898528080
=041  \\$aeng
=100  \\$aValenzuela, Ruben$914517$4aut
=245  \\$aThe Basso Continuo in Mexico City Cathedral, ca. 1700-1750:$bInstruments, Practices, and Performers
=260  \\$c2015$aCalifornia$bValenzuela
=300  \\$axvii-281 pages
=610  \0$aMexico City Metropolitan Cathedral (Mexico)$1http://www.wikidata.org/entity/Q610961$924465
=648  \0$a18th Century (1701-1800)$1http://www.wikidata.org/entity/Q7015$920899
=650  \0$aMusic history$1http://www.wikidata.org/entity/Q846047$921373
=650  \0$aBasso continuo$1http://www.wikidata.org/entity/Q724321$921065
=650  \0$aMusical Instrument$940212
=650  \0$aPerformance$1http://www.wikidata.org/entity/Q6942562$926223
=651  \0$aMexico City (Mexico)$1http://www.wikidata.org/entity/Q1489$941634
=942  \\$cBOO
=952  \\$00$10$2ddc$40$6TOP_MX_MEX_5_000000000000000$70$8TOP$911617$aORPH$bORPH$cKTS0$d2020-07-08$eKoopman$oTOP MX.MEX 5$p20126976$r2021-01-12 00:00:00$w2021-01-12$yBOO$OKoopman
=999  \\$d11633

