=LDR  01402acm a2200241   4500
=001  11634
=005  20250925143341.0
=008  211218s1984\\\\\\\||l||\||||\00|\0\dut\d
=041  \\$adut
=059  \\$aSATB
=100  \\$aValerius, Adrianus$d1570/75-1625$4cmp$1http://www.wikidata.org/entity/Q326701$97771
=245  \\$a19 liederen uit Valerius Gedenck-Clanck:$bvoor het eerst uitgegeven in 1625
=260  \\$aAmsterdam$bUniepers$c1984
=500  \\$aThe 'Neder-Landtsche Gedenck-Clanck' appeared in 1626, one year after the death of the author. It is a history of the Eighty Years' War until 1625, alternated with 76 songs "gestelt opt Musyck-noten". The present arrangements were recorded by Ton Koopman in 1983, see 20142364 (Republiek tussen Vorsten)
=648  \0$a17th Century (1601-1700)$1http://www.wikidata.org/entity/Q7016$920923
=650  \0$aEighty Years' War (1568-1648)$1http://www.wikidata.org/entity/Q164432$923273
=650  \0$aSong$1http://www.wikidata.org/entity/Q7366$94164
=650  \0$aChoral music$1http://www.wikidata.org/entity/Q1076513$94368
=651  \0$aNetherlands$1http://www.wikidata.org/entity/Q55$9173
=700  \\$4edt$aKoopman, Ton$d1944-$1http://www.wikidata.org/entity/Q445121$910491
=942  \\$cSCO
=952  \\$00$10$2ddc$40$6SCO_VALE$70$8SCO$911618$aORPH$bORPH$cKTS1_P$d2020-07-08$eKoopman$iWG.0469$oSCO VALE$p20121661$r2021-01-12 00:00:00$w2021-01-12$ySCO
=999  \\$d11634

