=LDR  01051    a2200229   4500
=001  11635
=005  20250925143259.0
=008  220922s1980\\\\nl\f||||\||||\00|\0\dut\d
=041  \\$adut
=100  \\$aValkenburg, Rik$4aut$914519
=245  \\$aLaat zich 't orgel overal...$bHet koninklijk instrument en zijn bespelers
=260  \\$c1980$aDordrecht$bVan Den Tol
=300  \\$a415 pages
=648  \0$a18th Century (1701-1800)$1http://www.wikidata.org/entity/Q7015$920899
=648  \0$a19th Century (1801-1900)$1http://www.wikidata.org/entity/Q6955$920935
=648  \0$a20th Century (1901-2000)$1http://www.wikidata.org/entity/Q6927$920936
=650  \0$aOrgan$1http://www.wikidata.org/entity/Q1444$92810
=650  \0$aOrganology$1http://www.wikidata.org/entity/Q899293$921400
=651  \0$aNetherlands$1http://www.wikidata.org/entity/Q55$9173
=942  \\$cBOO
=952  \\$00$10$2ddc$40$6INS_3_000000000000000_1A_NL$70$8INS$911619$aORPH$bORPH$cKTS0$d2020-07-08$eKoopman$i24A48$l0$oINS3.1a NL$p20128768$r2021-01-12 00:00:00$w2021-01-12$yBOO$OKoopman
=999  \\$d11635

