=LDR  01219aam a2200229   4500
=001  11636
=008  250617s1908\\\\|||agf||\||||\001\0dfre\d
=041  \\$afre
=100  \\$aVallas, Léon$d1879-1956$1http://www.wikidata.org/entity/Q16629017$914520$4aut
=245  \\$aLa musique à L'Académie de Lyon au dix-huitième siècle
=260  \\$c1908$aLyon$bRevue musicale de Lyon
=300  \\$axx-243 pages
=490  \\$aLa Musique à Lyon au dix-huitième siècle$v1
=500  \\$aAutograph dedication "A mon aimable confrère E. Ducoin, hommage de Léon Vallas, 22 décembre 1908"
=610  \0$a Académie des sciences, belles-lettres et arts de Lyon (France)$1http://www.wikidata.org/entity/Q730513$940393
=648  \0$a18th Century (1701-1800)$1http://www.wikidata.org/entity/Q7015$920899
=650  \0$aMusic history$1http://www.wikidata.org/entity/Q846047$921373
=650  \0$aConcert$1http://www.wikidata.org/entity/Q182832$921044
=651  \0$aLyon (France)$1http://www.wikidata.org/entity/Q456$924167
=942  \\$cBOO
=952  \\$00$10$2ddc$40$6TOP_FR_LYO_5_000000000000000$70$8TOP$911620$aORPH$bORPH$cKTS0$d2020-07-08$eKoopman$i42A26$l0$oTOP FR.LYO 5$p20122127$r2021-01-12 00:00:00$w2021-01-12$yBOO$OKoopman
=999  \\$d11636

