=LDR  01620aam a2200289   4500
=001  11637
=005  20250925143259.0
=008  250228s1990\\\\||||||||\||||\00|\0dspa\d
=041  \\$aspa
=100  \\$aValle, Raul Arias del$d1927-2003$914521$4aut
=245  \\$aLa Orquesta de la S.I. Catedral de Oviedo (1572-1933)$bEn los origenes y desarrollo de la musica culta en Asturias
=260  \\$aOviedo$bInstituto de Estudios Asturianos$c1990
=300  \\$a556 pages
=610  \0$aCatedral de San Salvador de Oviedo (Spain)$1http://www.wikidata.org/entity/Q1534288$939804
=648  \0$a16th Century (1501-1600)$1http://www.wikidata.org/entity/Q7017$920944
=648  \0$a17th Century (1601-1700)$1http://www.wikidata.org/entity/Q7016$920923
=648  \0$a18th Century (1701-1800)$1http://www.wikidata.org/entity/Q7015$920899
=648  \0$a19th Century (1801-1900)$1http://www.wikidata.org/entity/Q6955$920935
=648  \0$a20th Century (1901-2000)$1http://www.wikidata.org/entity/Q6927$920936
=650  \0$aOrchestra$1http://www.wikidata.org/entity/Q42998$93159
=650  \0$aChurch music$1http://www.wikidata.org/entity/Q8812109$1http://www.wikidata.org/entity/Q1065742$92283
=650  \0$aMusic history$1http://www.wikidata.org/entity/Q846047$921373
=651  \0$aOviedo (Spain)$1http://www.wikidata.org/entity/Q14317$939803
=651  \0$aAsturias (Spain)$1http://www.wikidata.org/entity/Q3934$939802
=942  \\$cBOO
=952  \\$00$10$2ddc$40$6TOP_ES_OVI_4_000000000000000$70$8TOP$911621$aORPH$bORPH$cKTS0$d2020-07-08$eKoopman$i31C39$l0$oTOP ES.OVI 4$p20123231$r2021-01-12 00:00:00$w2021-01-12$yBOO$OKoopman
=999  \\$d11637

