=LDR  00991cam a2200205u  4500
=001  11641
=005  20250120120321.0
=008  841003s1949\\\\be\acfg\\b\\\\000\0bdut\\
=040  \\$aOI
=041  \\$adut
=100  \\$aVan den Bremt, Frans$4aut$914525
=245  00$aWillem de Fesch (1687-1757?): Nederlands componist en virtuoos
=260  \\$aLeuven$bUniversiteitsbibliotheek$c1949
=300  \\$av, 348 p. :$bill., ports., pls., music, facsims. ;$c25 cm.
=490  \\$aPublicaties op het gebied der geschiedenis en der philologie$v3de reeks, 35ste deel
=600  \0$aFesch, Willem de$d1687-1761$1http://www.wikidata.org/entity/Q999550$95302
=942  \\$2ddc$cBOO
=952  \\$00$10$2ddc$40$6BIO_FESC_D$70$8BIO$911625$aORPH$bORPH$cKTS1_P$d2020-07-08$eKoopman$i32D35$l1$oBIO FESC d$p20123110$r2025-04-22 09:21:45$s2025-04-10$w2021-01-12$yBOO
=952  \\$00$10$2ddc$40$6RESERVE$70$8REF$919824$aORPH$bORPH$cKM12_1$l0$oReserve$p20115767$r2021-01-12 00:00:00$w2021-01-12$yBOO$d2020-07-08
=999  \\$c11641$d11641

