=LDR  00351    a2200109   4500
=001  11646
=100  \\$aSuchtelen, N. van$914529
=245  \\$aQuia absurdum
=260  \\$cs.d.
=942  \\$cBOO
=952  \\$00$10$2ddc$40$6LIT_SUCH_A$70$8LIT$911629$aORPH$bORPH$cKM12_2_H$d2020-07-08$eKoopman$i40F38$oLIT SUCH a$p20120220$r2021-01-12 00:00:00$w2021-01-12$yBOO
=999  \\$c11646$d11646

