=LDR  01291aam a2200253   4500
=001  11647
=003  OSt
=005  20250818121406.0
=008  211119b\\\\\\\\\\\|||||\||||\00|\0\dut\d
=040  \\$cOI
=041  \\$adut
=100  \\$aSmits van Waesberghe, Joseph$d1901-1986$4aut$1http://www.wikidata.org/entity/Q3439934$918704
=245  \\$aMuziekgeschiedenis der middeleeuwen:$bde Luikse muziekschool als centrum van het muziektheoretisch onderricht in de middeleeuwen. Het eerste Bloeitijdperk van circa 1050-1125.$nVoorstudie 1
=260  \\$aTilburg$bBergmans$cs.d.
=300  \\$a493 pages
=490  \\$aNederlandsche Muziekhistorische en Muziekpaedagogische Studien, Serie A: Muziekgeschiedenis der Middeleeuwen
=500  \\$aJoseph Smits van Waesberghe was one of Ton Koopman's professors
=648  \0$aMiddle Ages (500-1400)$1http://www.wikidata.org/entity/Q12554$920964
=650  \0$aMusic history$1http://www.wikidata.org/entity/Q846047$921373
=650  \0$aMusic theory$1http://www.wikidata.org/entity/Q193544$92662
=651  \0$aLiège (Belgium)$1http://www.wikidata.org/entity/Q3992$9240
=942  \\$cBOO
=952  \\$00$10$2ddc$40$6GHM_3_000000000000000$70$8GHM$911630$aORPH$bORPH$cKM12_1$d2020-07-08$eKoopman$i34D05$oGHM3$p20120867$r2021-01-12 00:00:00$w2021-01-12$yBOO
=999  \\$d11647

