=LDR  00907aam a2200205   4500
=001  11648
=005  20250925143259.0
=008  250617b\\\\\\\\||||||||\||||\00|\0bdut\d
=041  \\$adut
=100  \\$aVan Westering, P. C.$914531$4aut
=245  \\$aFeike Asma
=260  \\$aAmersfoort$bWillemsen$cs.d.
=600  \0$aAsma, Feike$d1912-1984$1http://www.wikidata.org/entity/Q1884605$923008
=648  \0$a20th Century (1901-2000)$1http://www.wikidata.org/entity/Q6927$920936
=650  \0$aOrganist$1http://www.wikidata.org/entity/Q765778$94471
=650  \0$aBiography$1http://www.wikidata.org/entity/Q36279$91927
=651  \0$aNetherlands$1http://www.wikidata.org/entity/Q55$1http://www.wikidata.org/entity/Q29999$9173
=942  \\$cBOO
=952  \\$00$10$2ddc$40$6BIO_ASMA_D$70$8BIO$911631$aORPH$bORPH$cKTS1_P$d2020-07-08$eKoopman$i46E15$l0$oBIO ASMA d$p20126952$r2021-01-12 00:00:00$w2021-01-12$yBOO$OKoopman
=999  \\$d11648

