=LDR  01368cam a2200325 a 4500
=001  11650
=005  20251003085458.0
=008  970623s1996\\\\ne\\\\\\\bc\\\001\0\lat\d
=010  \\$a   97164805 
=020  \\$a9061942284
=035  \\$a(OCoLC)37453108
=040  \\$aCGU$cCGU$dDLC
=042  \\$alccopycat
=043  \\$ae-ne---
=100  \\$aDoorn, Jan Evertsen van$dc. 1580-1651$914533$4aut
=245  14$aThe Catalogus Librorum Musicorum of Jan Evertsen van Doorn (Utrecht 1639):$cA Facsimile Edition with an Introduction
=246  30$aCatalogus librorum musicorum
=260  \\$aUtrecht$bH&S Publishers$c1996
=300  \\$a102 pages$c22 cm
=490  \\$aCatalogi redivivi$v9
=546  \\$aCatalog principally in Latin and Italian; introd. and "Identifications" (p. 55-87) in English.
=590  \\$aby Henri Vanhulst.
=648  \0$1http://www.wikidata.org/entity/Q7016$a17th Century (1601-1700)$920923
=650  \0$aBook$1http://www.wikidata.org/entity/Q571$92285
=650  \0$aCatalogue$1http://www.wikidata.org/entity/Q2352616$921484
=651  \0$aNetherlands$1http://www.wikidata.org/entity/Q55$9173
=700  \\$aVanhulst, Henri$4win$919134
=942  \\$cBOO
=952  \\$00$10$2ddc$40$6BIB_4_000000000000000_DOOR$70$8BIB$911633$aORPH$bORPH$cKTS0$d2020-07-08$eKoopman$i35A11$l0$oBIB4 DOOR$p20122546$r2021-01-12 00:00:00$w2021-01-12$yBOO$OKoopman
=999  \\$d11650

