=LDR  01529cam a2200301 a 4500
=001  11652
=005  20250120120203.0
=008  040817s2003\\\\be\ag\\\\b\\\\001\0\eng\d
=020  \\$a9074461522
=040  \\$aOI
=041  \\$aeng
=100  \\$aVanscheeuwijck, Marc$4aut$916420
=245  14$aThe Cappella Musicale of San Petronio in Bologna under Giovanni Paolo Colonna (1674-95):$bHistory, Organization, Repertoire
=260  \\$aRome$aBrussels$b[Institut historique belge de Rome]$a[Turnhout]$b[Brepols]$c2003
=300  \\$a422 pages$billlustrations, music$c26 cm$eCD
=490  \\$aEtudes d'histoire de l'art = Studies over kunstgeschiedenis$v8
=490  1\$x0071-1969 =
=504  \\$aIncludes bibliographical references (p. 390-413) and index.
=600  \0$aColonna, Giovanni Paolo$d1637-1695$1http://www.wikidata.org/entity/Q121405$914537
=610  \0$aBasilica di San Petronio (Bologna, Italy)$1http://www.wikidata.org/entity/Q810103$91602
=648  \0$a17th Century (1601-1700)$1http://www.wikidata.org/entity/Q7016$920923
=650  \0$aA cappella$1http://www.wikidata.org/entity/Q185298$922187
=650  \0$aChurch$1http://www.wikidata.org/entity/Q16970$93776
=650  \0$aMusic history$1http://www.wikidata.org/entity/Q846047$921373
=651  \0$aBologna (Italy)$1http://www.wikidata.org/entity/Q1891$921973
=942  \\$cBOO
=952  \\$00$10$2ddc$40$6TOP_IT_BOL_5_000000000000000$70$8TOP$911635$aORPH$bORPH$cKTS0$d2020-07-08$eKoopman$i37D27$oTOP IT.BOL 5$p20120529$r2021-01-12 00:00:00$w2021-01-12$yBOO
=999  \\$d11652

