=LDR  00822aam a2200205   4500
=001  11653
=005  20250929093656.0
=008  250929s1995\\\\||||||||\||||\00|\0\dut\d
=020  \\$a9070389487
=022  \\$a1660667
=041  \\$adut
=100  \\$aGrijp, Louis Peter$d1954-2016$1http://www.wikidata.org/entity/Q1993783$4aut$917692
=245  \\$aZingen in een kleine taal:$bde positie van het Nederlands in de muziek
=260  \\$aAmsterdam$bMeertens Instituut$c1995
=490  \\$aVolkskundig Bulletin$v21/2
=650  \0$aSinging$1http://www.wikidata.org/entity/Q27939$92767
=650  \0$aDutch$1http://www.wikidata.org/entity/Q7411$926205
=942  \\$cBOO
=952  \\$00$10$2ddc$40$6TOP_NL$70$8TOP$911636$aORPH$bORPH$cKTS0$d2020-07-08$eKoopman$i44A27$l0$oTOP NL$p20126719$r2021-01-12 00:00:00$w2021-01-12$yBOO$OKoopman
=999  \\$d11653

