=LDR  00776aam a2200193   4500
=001  11655
=008  240405s1980\\\\||||||||\||||\00|\0\ger\d
=022  \\$a3418634
=041  \\$ager
=100  \\$aKastens, A.$4edt$927216
=245  \\$aMuseum Herzog August Bibliothek Wolfenbüttel
=260  \\$aBraunschweig$bWestermann$c1980
=300  \\$a128 pages
=610  \0$aHerzog August Bibliothek (Wolfenbüttel, Germany)$91683
=650  \0$aLibrary$1http://www.wikidata.org/entity/Q7075$94229
=651  \0$aWolfenbüttel (Germany)$1http://www.wikidata.org/entity/Q4122$923426
=942  \\$cBOO
=952  \\$00$10$2ddc$40$6BIB_4_000000000000000_DE_WOL$70$8BIB$911638$aORPH$bORPH$cKTS0$d2020-07-08$eKoopman$i44E52$l0$oBIB4 DE.WOL$p20126546$r2021-01-12 00:00:00$w2021-01-12$yBOO$OKoopman
=999  \\$d11655

