=LDR  01570cam a2200349 a 4500
=001  11656
=005  20250708141027.0
=008  071018s2007\\\\sz\ag\\\\b\\\\011\0dger\d
=010  \\$a  2007465835
=016  7\$a98501492X$2GyFmDB
=020  \\$a9783039112104 (pbk.)
=020  \\$a3039112104 (pbk.)
=035  \\$a(OCoLC)ocn166763880
=040  \\$aOHX$cOHX$dWTU$dDLC
=041  0\$ager$aita$afre
=042  \\$alccopycat
=100  \\$4dte$aZehnder, Jean-Claude$d1941-$1http://www.wikidata.org/entity/Q693009$914538
=245  00$aIn organo pleno.$bFestschrift für Jean-Claude Zehnder zum 65. Geburtstag
=260  \\$aBern$aNew York$bPeter Lang$c2007
=300  \\$a429 pages$bill. (some col.), music ;$c24 cm.
=490  1\$aPublikationen der Schweizerischen Musikforschenden Gesellschaft =$aPublications de la Société suisse de musicologie,$vSer. 2, v. 48
=490  1\$x1012-8441 ;
=504  \\$aIncludes Lebenslauf, list of publications of Jean-Claude Zehnder, and other documents related to the honoree.
=504  \\$aIncludes bibliographical references and index.
=546  \\$a7 German, 4 Italian, 3 French contributions.
=650  \0$aOrgan$1http://www.wikidata.org/entity/Q1444$92810
=650  \0$aKeyboard music$1http://www.wikidata.org/entity/Q105715630$921412
=700  \\$aCollarile, Luigi$4edt$914539
=700  \\$aNigito, Alexandra$4edt$914540
=942  \\$cBOO
=952  \\$00$10$2ddc$40$6REF_4_000000000000000_ZEHN$70$8REF$911639$aORPH$bORPH$cKM12_1$d2020-07-08$eKoopman$i29D31$oREF4 ZEHN$p20121336$r2021-01-12 00:00:00$w2021-01-12$yBOO
=999  \\$d11656

