=LDR  00956aam a2200217   4500
=001  11658
=008  221121s2005\\\\||||||||\||||\00|\0\dut\d
=020  \\$a9080885533
=022  \\$a17807808
=041  \\$adut
=245  \\$aAbdijbibliotheken:$bheden, verleden, toekomst. Handelingen van het congres gehouden in Antwerpen op 10 december 2004
=260  \\$aAntwerp$bVereniging van Antwerpse Bibliofielen$c2005
=490  \\$aUitgaven van de Vereniging van Antwerpse Bibliofielen. Nieuwe Reeks$v3
=650  \0$aMonastery$926216
=650  \0$aLibrary$1http://www.wikidata.org/entity/Q7075$94229
=650  \0$aCollecting$1http://www.wikidata.org/entity/Q208165$92117
=700  \\$4edt$aDelsaerdt, Pierre$d1963-$910443
=700  \\$4edt$aKayaert, E.$925332
=942  \\$cBOO
=952  \\$00$10$2ddc$40$6BIB_1_000000000000000_DELS$70$8BIB$911641$aORPH$bORPH$cKTS0$d2020-07-08$eKoopman$i34B11$l0$oBIB1 DELS$p20122607$r2021-01-12 00:00:00$w2021-01-12$yBOO$OKoopman
=999  \\$d11658

