=LDR  01904cam a22004214a 4500
=001  11659
=005  20250121142128.0
=008  091029s2009\\\\gw\ag\\\\b\\\\001\0\ger\c
=010  \\$a  2009523341
=020  \\$a9783487142135 (pbk.)
=020  \\$a3487142139 (pbk.)
=035  \\$a(OCoLC)ocn456186919
=035  \\$a(OCoLC)456186919
=040  \\$aOHX$cOHX$dPUL$dTXA$dDLC
=041  0\$ager$aeng
=042  \\$alccopycat
=072  \7$aML$2lcco
=245  00$a"True to life" :$bHändel, der Klassiker /$cherausgegeben von Ute Jung-Kaiser und Matthias Kruse.
=246  30$aHändel, der Klassiker
=260  \\$aHildesheim ;$aNew York :$bOlms,$c2009.
=300  \\$avii, 290 p. :$bill., music ;$c21 cm.
=490  1\$aWegzeichen Musik,$x1863-2882 ;$v4
=546  \\$aOne contribution is in English.
=504  \\$aIncludes bibliographical references and index.
=600  \0$aHandel, George Frideric$d1685-1759$1http://www.wikidata.org/entity/Q7302$94765
=600  \0$aHandel, George Frideric$d1685-1759$1http://www.wikidata.org/entity/Q7302$94765
=600  \0$aHandel, George Frideric$d1685-1759$1http://www.wikidata.org/entity/Q7302$94765
=600  \0$aHandel, George Frideric$d1685-1759$1http://www.wikidata.org/entity/Q7302$94765
=600  \0$aHandel, George Frideric$d1685-1759$1http://www.wikidata.org/entity/Q7302$94765
=600  \0$aHandel, George Frideric$d1685-1759$1http://www.wikidata.org/entity/Q7302$94765
=650  \0$aOratorio$1http://www.wikidata.org/entity/Q85477$91825
=700  \\$aJung-Kaiser, Ute$914546
=700  \\$aKruse, Matthias$914547
=830  \0$9979$aWegzeichen Musik ;$v4.
=942  \\$cBOO
=952  \\$00$10$2ddc$40$6BIO_HAND_E$70$8BIO$911642$aORPH$bORPH$cKTS1_P$d2020-07-08$eKoopman$i43F06$oBIO HAND e$p20126475$r2021-01-12 00:00:00$w2021-01-12$yBOO$OKoopman
=999  \\$c11659$d11659
=648  \0$a18th Century (1701-1800)$1http://www.wikidata.org/entity/Q7015$920899

