=LDR  01506    a2200301   4500
=001  11660
=008  220103s2012\\\\\\\a||||\||||\00|\0\mul\d
=022  \\$a22124756
=041  \\$adut$aeng
=100  \\$aRaat, Alexander J. P.$4edt$923333
=245  \\$aDe Oudheid in de Achttiende Eeuw = Classical Antiquity in the Eighteenth Century
=260  \\$aUtrecht$bWerkgroep 18e Eeuw = Dutch-Belgian Society for Eighteenth-Century Studies$c2012
=300  \\$a200 pages
=648  \0$aClassical Antiquity (8th Century BC-6th Century AD)$1http://www.wikidata.org/entity/Q486761$921435
=648  \0$a18th Century (1701-1800)$1http://www.wikidata.org/entity/Q7015$920899
=650  \0$aAntiquarianism$1http://www.wikidata.org/entity/Q56418598$93233
=650  \0$aPolitics$1http://www.wikidata.org/entity/Q7163$921826
=650  \0$aPlay (theater)$1http://www.wikidata.org/entity/Q25379$921414
=650  \0$aCollecting$1http://www.wikidata.org/entity/Q208165$92117
=650  \0$aArchitecture$1http://www.wikidata.org/entity/Q12271$93185
=651  \0$aNetherlands$1http://www.wikidata.org/entity/Q55$9173
=651  \0$aRome (Italy)$1http://www.wikidata.org/entity/Q220$949
=651  \0$aFrance$1http://www.wikidata.org/entity/Q142$9131
=700  \\$4edt$aVelema, Wyger R. E.$923334
=700  \\$4edt$aBaar-de Weerd, Claudette$923335
=942  \\$cBOO
=952  \\$00$10$2ddc$40$6HUM_RAAT$70$8HUM$911643$aORPH$bORPH$cKM12_1$d2020-07-08$eKoopman$i42A35$oHUM RAAT$p20122117$r2021-01-12 00:00:00$w2021-01-12$yBOO
=999  \\$d11660

