=LDR  01153aam a2200229   4500
=001  11664
=008  230215s2009\\\\||||||||\||||\00|\0bger\d
=022  \\$a00666335
=041  \\$ager
=100  \\$4edt$925743$aBerger, Günter
=245  \\$aWilhelmine von Bayreuth heute:$bDas kulturelle Erbe der Markgräfin
=260  \\$aBayreuth$bArchiv für Geschichte von Oberfranken$c2009
=490  \\$aArchiv für Geschichte von Oberfranken. Sonderband
=590  \\$aReferate des Bayreuther Symposium "Wilhelmine von Bayreuth heute - Das kulturelle Erbe der Markgräfin" gehalten im Landrätesaal der 
=600  \0$aWilhelmine von Bayreuth$d1709-1758$1http://www.wikidata.org/entity/Q237740$97944
=648  \0$a18th Century (1701-1800)$1http://www.wikidata.org/entity/Q7015$920899
=650  \0$aCuckoo$1http://www.wikidata.org/entity/Q18845$922474
=650  \0$aCourt$922191
=651  \0$aBayreuth (Germany)$1http://www.wikidata.org/entity/Q3923$925135
=942  \\$cBOO
=952  \\$00$10$2ddc$40$6BIO_WILH_E$70$8BIO$911647$aORPH$bORPH$cKTS1_P$d2020-07-08$eKoopman$i47F18$l1$m2$oBIO WILH e$p20123792$r2023-04-17 00:00:00$s2023-02-15$w2021-01-12$yBOO$OKoopman
=999  \\$d11664

