=LDR  01284cam a2200277 a 4500
=001  11666
=005  20250120120215.0
=008  031124s2003\\\\it\a\\\\\b\\\\101\0\ita\c
=010  \\$a  2004355765
=020  \\$a882225256X
=040  \\$aOI
=041  \\$aita
=100  \\$aPontremoli, Alessandro$4edt$914548
=245  03$aIl volto e gli affetti:$bfisiognomica ed espressione nelle arti del Rinascimento. Atti del convegno di studi, Torino, 28-29 novembre 2001
=260  \\$aFlorence$bOlschki$c2003
=300  \\$a314 pages$billustrations$c24 cm
=490  1\$aBiblioteca dell'"Archivum Romanicum." Serie I, Storia, letteratura, paleografia$v311
=490  1\$aCentro di studi L'Italia del Rinascimento e l'Europa$v2
=504  \\$aIncludes bibliographical references and index.
=648  \0$aRenaissance (1400-1600)$1http://www.wikidata.org/entity/Q4692$920965
=650  \0$aFine art$1http://www.wikidata.org/entity/Q219625$921579
=650  \0$aFacial expression$1http://www.wikidata.org/entity/Q327968$922036
=650  \0$aMusical expression$1http://www.wikidata.org/entity/Q6942545$94017
=942  \\$cBOO
=952  \\$00$10$2ddc$40$6VIS_PONT$70$8VIS$911649$aORPH$bORPH$cKTS1_H$d2020-07-08$eKoopman$i34B14$l0$oVIS PONT$p20122604$r2021-01-12 00:00:00$w2021-01-12$yBOO$OKoopman
=999  \\$d11666

