=LDR  01634cam a2200337 a 4500
=001  11667
=005  20250120120509.0
=008  121015s2012\\\\it\a\\\\\bc\\\000\0\ita\d
=020  \\$a9788822261830
=020  \\$a8822261836
=040  \\$aOI
=041  \\$aita
=100  \\$4aut$aPollack, Susanne$d-1979$914549
=245  03$aIl dolce potere delle corde:$bOrfeo, Apollo, Arione e Davide nella grafica tra Quattro e Cinquecento
=260  \\$aFlorence$bOlschki$c2012
=300  \\$aviii-177 pages$bill. (some col.) ;$c29 cm.
=490  1\$aGabinetto disegni e stampe degli Uffizi. Cataloghi$v98
=504  \\$aIncludes bibliographical references (p. [163]-177).
=600  \0$aOrpheus$1http://www.wikidata.org/entity/$911156
=600  \0$aApollo$1http://www.wikidata.org/entity/Q37340$922446
=600  \0$aArion$1http://www.wikidata.org/entity/Q312422$922447
=600  \0$aDavid$dc. 1040-970 BC$1http://www.wikidata.org/entity/Q41370$922448
=648  \0$a15th Century (1401-1500)$1http://www.wikidata.org/entity/Q7018$921015
=648  \0$a16th Century (1501-1600)$1http://www.wikidata.org/entity/Q7017$920944
=650  \0$aFine art$1http://www.wikidata.org/entity/Q219625$921579
=650  \0$aIconography$1http://www.wikidata.org/entity/Q208145$921259
=651  \0$aItaly$1http://www.wikidata.org/entity/Q38$922
=710  \\$aGabinetto dei disegni e delle stampe degli Uffizi (Florence, Italy)$4col$1http://www.wikidata.org/entity/Q3756440$91603
=942  \\$cBOO
=952  \\$00$10$2ddc$40$6VIS_POLL$70$8VIS$911650$aORPH$bORPH$cKTS1_H$d2020-07-08$eKoopman$i43C15$oVIS POLL$p20127193$r2021-01-12 00:00:00$w2021-01-12$yBOO
=999  \\$d11667

