=LDR  03462cam a2200313 a 4500
=001  11668
=005  20251028153711.0
=008  080313s2007\\\\it\afgh\\b\\\\101\0\mul\d
=041  0\$aita$aeng
=245  00$aCappelle musicali fra corte, Stato e Chiesa nell'italia del Rinascimento.$bAtti del convegno internazionale, Camaiore, 21-23 ottobre 2005
=260  \\$aFlorence$bOlschki$c2007.
=300  \\$aix-439 pages, [13] pages of plates$billustrations, facsimiles, music
=490  1\$aHistoriæ musicæ cultores diretta da Lorenzo Bianconi$v108
=504  \\$aIncludes bibliographical references and index.
=505  00$tAll'origine delle cappelle musicali  / Pierluigi Petrobelli -- Suoni della sovranità : le cappelle musicali fra storiografia generale e storia della musica / Franco Piperno -- L'architettura sonora nel Duomo di Siena : Luoghi, funzioni e rappresentazioni della musica fino alla fondazione della cappella musicale / Cecilia Panti -- The development of the polyphonic chapel at the Cathedral of Lucca / Benjamin Brand -- Musica e cappella nella collegiata di Camaiore (1505-2005) / Roberta Antonelli -- Notes on the Italianization of Siena's musical chapel in the late Cinquecento / Frank A. D'Accone -- Musica, musicisti e riti del potere principesco tra Savoia e Piemonte (fine XIV - inizio XVI secolo) / / Luisa Clotilde Gentile -- La musica, la cappella e il cerimoniale alla corte aragonese di Napoli / Gianluca D'Agostino -- Galeazzo Maria Sforza and the cappella musicale of the Milanese ducal court : a historian's perspective / Gregory Lubkin -- Aspects of sacred music and the network of patrons at court during the time of Ercole d'Este / Paul A. Merkeley, Lora M. Matthews -- La cappella fiorentina e il duca Cosimo primo / Philippe Canguilhem -- The internationalization of the Italian papal chapels in the early Quattrocento / John Nádas -- "Ut cantores idonei et musici-- continuo permanere possint" : I motivi "politici" della fondazione di cappelle musicali in area pontificia / Biancamaria Brumana -- L'ultimo viaggio dei "musici di Nostro Signore" : per una rifondazione della storiografia della Cappella pontificia fra Cinque e Seicento / Claudio Annibaldi -- Il repertorio musicale, i manoscritta e l'identità del principe tra '400 e '500 / Vincenzo Borghetti -- Filippo Salviati, Caterina de' Ricci, and Serafino Razzi : patronage practices for the lauda and madrigal at the convent of S. Vincenzo in Prato / Patrick Macey -- From chapel choirbook to print partbook and back again / Julie E. Cumming -- Indice analitico / Giordano Mastrocola e Gregorio Moppi
=546  \\$aTexts in English or Italian.
=648  \0$aRenaissance (1400-1600)$1http://www.wikidata.org/entity/Q4692$920965
=650  \0$aMusic history$1http://www.wikidata.org/entity/Q846047$921373
=650  \0$aCappella$1http://www.wikidata.org/entity/Q19902156$922910
=650  \0$aCourt$922191
=650  \0$aChurch music$1http://www.wikidata.org/entity/Q8812109$92283
=650  \0$aCatholicism$1http://www.wikidata.org/entity/Q1841$921631
=651  \0$aItaly$1http://www.wikidata.org/entity/Q38$922
=700  \\$aPiperno, Franco$4edt$914550
=700  \\$aBiagi Ravenni, Gabriella$4edt$914551
=700  \\$aChegai, Andrea$4edt$914552
=942  \\$cBOO
=952  \\$00$10$2ddc$40$6TOP_IT_4_000000000000000$70$8TOP$911651$aORPH$bORPH$cKTS0$d2020-07-08$eKoopman$i45C15$l0$oTOP IT 4$p20127349$r2021-01-12 00:00:00$w2021-01-12$yTYPE_UNK$OKoopman
=999  \\$d11668

