=LDR  01038aam a2200229   4500
=001  11669
=005  20251003085458.0
=008  250604s1992\\\\|||a||||\c|||\00|\0\eng\d
=022  \\$a01479102
=041  \\$aeng
=245  \\$aImportant Musical Manuscripts, Autograph Letters and First Editions
=260  \\$c1992$aLondon$bChristie's
=300  \\$a57 pages
=590  \\$aLondon, Wednesday, 24 June 1992
=648  \0$a20th Century (1901-2000)$1http://www.wikidata.org/entity/Q6927$920936
=650  \0$aAuction$1http://www.wikidata.org/entity/Q177923$93849
=650  \0$aCatalogue$1http://www.wikidata.org/entity/Q2352616$1http://www.wikidata.org/entity/Q6941730$921484
=650  \0$aManuscript$1http://www.wikidata.org/entity/Q87167$92275
=651  \0$aLondon (United Kingdom)$1http://www.wikidata.org/entity/Q84$9123
=942  \\$cBOO
=952  \\$00$10$2ddc$40$6BIB_4_000000000000000_GB_LON_CHRI$70$8BIB$911652$aORPH$bORPH$cKTS0$d2020-07-08$eKoopman$i18B50$l0$oBIB4 GB.LON CHRI$p20127729$r2021-01-12 00:00:00$w2021-01-12$yBOO$OKoopman
=999  \\$d11669

