=LDR  01156aam a2200253   4500
=001  11670
=005  20251003085458.0
=008  240502s1993\\\\|||a||||\c|||\00|\0\eng\d
=022  \\$a01499902
=041  \\$aeng
=110  \\$aChristie's (London, United Kingdom)$1http://www.wikidata.org/entity/Q503176$4cur$922377
=245  \\$aHighly Important Printed Books, Manuscripts and Bindings
=260  \\$aLondon$bChristie's$c1993
=300  \\$a273 pages 
=590  \\$aLondon, Wednesday, 23 June 1993
=648  \0$a20th Century (1901-2000)$1http://www.wikidata.org/entity/Q6927$920936
=650  \0$aAuction$1http://www.wikidata.org/entity/Q177923$93849
=650  \0$aCatalogue$1http://www.wikidata.org/entity/Q2352616$921484
=650  \0$aBook$1http://www.wikidata.org/entity/Q571$92285
=650  \0$aManuscript$1http://www.wikidata.org/entity/Q87167$92275
=651  \0$aLondon (United Kingdom)$1http://www.wikidata.org/entity/Q84$9123
=942  \\$cBOO
=952  \\$00$10$2ddc$40$6BIB_4_000000000000000_GB_LON_CHRI$70$8BIB$911653$aORPH$bORPH$cKTS0$d2020-07-08$eKoopman$i18B52$l0$oBIB4 GB.LON CHRI$p20127727$r2021-01-12 00:00:00$w2021-01-12$yBOO$OKoopman
=999  \\$d11670

