=LDR  01315    a2200241   4500
=001  11671
=005  20251003090233.0
=008  221003s1990\\\\nl\af|||\||||\00|\0\dut\d
=022  \\$a01660101
=041  \\$adut
=110  \\$4edt$aKoninklijke Vereniging van Organisten en Kerkmusici (Netherlands)$925097
=245  \\$aOrgelcultuur op de scheidslijn van kerk en staat. Het orgel in de 17de en de 20ste eeuw.$bCongresboek, uitgegeven bij gelegenheid van het Eeuwfeestcongres van de Nederlandse Organistenvereniging, 20 t/m 23 juni 1990 te Amsterdam
=260  \\$c1990$aAmsterdam $bNederlandse Organistenvereniging
=300  \\$a172 pages
=648  \0$a17th Century (1601-1700)$1http://www.wikidata.org/entity/Q7016$920923
=648  \0$a18th Century (1701-1800)$1http://www.wikidata.org/entity/Q7015$920899
=648  \0$a19th Century (1801-1900)$1http://www.wikidata.org/entity/Q6955$920935
=648  \0$a20th Century (1901-2000)$1http://www.wikidata.org/entity/Q6927$920936
=650  \0$aOrgan$1http://www.wikidata.org/entity/Q1444$92810
=651  \0$aNetherlands$1http://www.wikidata.org/entity/Q55$9173
=942  \\$cBOO
=952  \\$00$10$2ddc$40$6INS_3_000000000000000_1A_NL$70$8INS$911654$aORPH$bORPH$cKTS0$d2020-07-08$eKoopman$i18B12$l0$oINS3.1a NL$p20127758$r2021-01-12 00:00:00$w2021-01-12$yBOO$OKoopman
=999  \\$d11671

