=LDR  00727aas a2200169   4500
=001  11673
=008  220311m20142018||||||||\||||\00|\0\dut\d
=020  \\$a9789087044541
=022  \\$a01670441
=041  \\$adut
=110  \\$4edt$aDoopsgezinde Historische Kring (Oostzaan, Netherlands)$923802
=245  \\$aDoopsgezinde bijdragen - nieuwe reeks$n40; 44
=260  \\$aHilversum$bVerloren$c2014; 2018
=942  \\$cPER
=952  \\$00$10$2ddc$3vol. 40$40$6PER_DB2$70$8PER$911656$aORPH$bORPH$cKM12_1$d2020-07-08$eKoopman$oPER DB2$p20127299$r2021-01-12 00:00:00$w2021-01-12$yPER
=952  \\$00$10$2ddc$3vol. 44$40$6PER_DB2$70$8PER$911657$aORPH$bORPH$cKM12_1$d2020-07-08$eKoopman$oPER DB2$p20123801$r2021-01-12 00:00:00$w2021-01-12$yPER
=999  \\$d11673

