=LDR  05804aam a2200649   4500
=001  11681
=008  210330s1994\\\\\\\|||||\||||\01|\0\eng\d
=020  \\$a9051837682
=022  \\$a01689878
=041  \\$aeng
=100  \\$aElders, Willem$1http://www.wikidata.org/entity/Q112478018$4dte$921325
=245  \\$aFrom Ciconia to Sweelinck.$bDonum natalicium Willem Elders
=260  \\$aAmsterdam$bRodopi$c1994
=300  \\$a391 pages
=490  \\$aChloe: Beihefte zum Daphnis$v21
=505  \\$gOckeghem's "Ave Maria": Evidence of structural cogency / L. F. Bernstein -- Gesungene Galliarden: Über Versvortrag und Tanzrhythmus in einigen Franzözischen, Niederländischen, Deutschen und Englischen Kompositionen des 16. und 17. Jahrhunderts / R. Bockholt -- Tandernaken, between Bruges and Ferrara / J. W. Bonda -- The copyist Jan Pollet and the theft in 1563 of Orlandus Lassus' (Lasso) "secret" Penitential Psalms / I. Bossuyt -- "Vater unser im Himmelreich". On Sweelinck and his German pupils / P. Dirksen -- The Souterliedekens by Gherardus Mes (1561): An enigmatic pupil of Clemens non Papa, and popular song of the mid-sixteenth century / L. P. Grijp -- Josquin's portrait: New evidence / B. Haggh -- A glimpse into a scribal workshop. Vienna, Osterreichische Nationalbibliothek, Ms.11883 / B. Hudson -- A rediscovered mass of Jheronimus Vinders? / E. Jas -- Liedtradition und Neuerung in Lassos fünfstimmigen Kompositionen mit deutschen Text / M. Just -- Pierre de la Rue's "Incessament" and its musical descendents / J. E. Kreider -- Some thoughts on Josquin's "Illibata dei virgo nutrix" and Galeazzo Maria Sforza / P. Macey -- Another "Regina celi" attributed to Josquin / J. Noble -- The earliest plenary mass for Easter / T. Noblitt -- The structure of the lost manuscript from the national library in Warsaw, no.378 (WarN.378) / M. Perz -- Isaac in Flanders: The early works of Henricus Isaac / M. Picker -- Instrumental music in the Low Countries in the fifteenth century / K. Polk -- Michael Maiers "Atalanta fugiens" (1617) und das Kompositionsmodell in Johannes Lippius' "Synopsis musicae novae" (1612) / P. P. Raasveld -- The music library of Cornelis Schuyt / R. Rasch -- An Accidental Flat in Josquin's sine nomine Mass / P. Urghart -- Le contrat d'apprentissage conclu en 1562 entre Pierre Phalèse en Jean Laet / H. Vanhulst -- Joannes Baston - flämischer "compositor cantus" am Hofe des Jagiellonen-Königs Zygmunt August / E. Zwolinska
=600  \0$aOckeghem, Johannes$dc. 1410-1497$1http://www.wikidata.org/entity/Q143059$916500
=600  \0$aJosquin Desprez$d1450?-1521$1http://www.wikidata.org/entity/Q143100$918229
=600  \0$aIsaac, Heinrich$dc. 1450-1517$1http://www.wikidata.org/entity/Q316668$919472
=600  \0$aLa Rue, Pierre de$d1460-1518$1http://www.wikidata.org/entity/Q370540$918724
=600  \0$aPhalesius, Peter the Elder$d1510-1573$1http://www.wikidata.org/entity/Q729188$923126
=600  \0$aLassus, Orlandus$d1530/32-1594$1http://www.wikidata.org/entity/Q154792$96856
=600  \0$aSchuyt, Cornelis$d1557-1616$1http://www.wikidata.org/entity/Q749364$913993
=600  \0$aMaier, Michael$d1568?-1622$1http://www.wikidata.org/entity/Q901303$922113
=600  \0$aSweelinck, Jan Pieterszoon$d1562-1621$1http://www.wikidata.org/entity/Q110294$911454
=610  \0$aÖsterreichische Nationalbibliothek (Vienna, Austria)$1http://www.wikidata.org/entity/Q304037$91356
=610  \0$aBiblioteka Narodowa (Warsaw, Poland)$1http://www.wikidata.org/entity/Q856423$940460
=648  \0$a15th Century (1401-1500)$1http://www.wikidata.org/entity/Q7018$921015
=648  \0$a16th Century (1501-1600)$1http://www.wikidata.org/entity/Q7017$920944
=648  \0$a17th Century (1601-1700)$1http://www.wikidata.org/entity/Q7016$920923
=650  \0$aMusic history$1http://www.wikidata.org/entity/Q846047$921373
=650  \0$aMusical analysis$1http://www.wikidata.org/entity/Q1544924$92775
=650  \0$aMotet$1http://www.wikidata.org/entity/Q188285$92028
=650  \0$aGalliard$1http://www.wikidata.org/entity/Q288824$922901
=650  \0$aDance$1http://www.wikidata.org/entity/Q11639$1http://www.wikidata.org/entity/Q316930$924845
=650  \0$aVocal music$1http://www.wikidata.org/entity/Q685884$93319
=650  \0$aProsody$1http://www.wikidata.org/entity/Q7250675$926155
=650  \0$aSong$1http://www.wikidata.org/entity/Q7366$94164
=650  \0$aPortrait$1http://www.wikidata.org/entity/Q134307$92622
=650  \0$aMass$1http://www.wikidata.org/entity/Q217295$92735
=650  \0$aManuscript$1http://www.wikidata.org/entity/Q87167$92275
=650  \0$aInstrumental music$1http://www.wikidata.org/entity/Q639197$92106
=650  \0$aFugue$1http://www.wikidata.org/entity/Q181014$93142
=650  \0$aLibrary$1http://www.wikidata.org/entity/Q7075$94229
=650  \0$aCollecting$1http://www.wikidata.org/entity/Q208165$92117
=651  \0$aFrance$1http://www.wikidata.org/entity/Q142$9131
=651  \0$aNetherlands$1http://www.wikidata.org/entity/Q55$1http://www.wikidata.org/entity/Q29999$9173
=651  \0$aGermany$1http://www.wikidata.org/entity/Q183$9155
=651  \0$aUnited Kingdom$1http://www.wikidata.org/entity/Q21$1http://www.wikidata.org/entity/Q145$9273
=651  \0$aNetherlands$1http://www.wikidata.org/entity/Q55$1http://www.wikidata.org/entity/Q29999$9173
=651  \0$aBelgium$1http://www.wikidata.org/entity/Q31$920881
=651  \0$aPoland$1http://www.wikidata.org/entity/Q36$996
=700  \\$aClement, Albert$d1962-$1http://www.wikidata.org/entity/Q4709936$4edt$910237
=700  \\$4edt$aJas, Eric$911853
=942  \\$cBOO
=952  \\$00$10$2ddc$40$6REF_4_000000000000000_ELDE$70$8REF$911664$aORPH$bORPH$cKM12_1$d2020-07-08$eKoopman$i19B35$oREF4 ELDE$p20125085$r2021-01-12 00:00:00$w2021-01-12$yBOO
=999  \\$d11681

