=LDR  01124cam a2200289 a 4500
=001  11683
=005  20250218124921.0
=008  071016s2003\\\\gw\ag\\\\b\\\\100\0\ger\d
=010  \\$a  2007465789
=020  \\$a303910229X
=020  \\$a9783039102297
=040  \\$aCUI$cCUI$dNLGGC$dDLC
=041  \\$ager
=042  \\$alccopycat
=100  \\$4edt$aIngen, Ferdinand van$d1933-2021$eEditor$914554
=245  00$aJohann Beer:$bSchriftsteller, Komponist und Hofbeamter, 1655-1700
=260  \\$aBern$aNew York$bLang$c2003
=300  \\$a642 p. :$bill., music ;$c23 cm.
=490  \\$aJahrbuch für internationale Germanistik$v70
=504  \\$aIncludes bibliographical references.
=600  \0$aBeer, Johann$d1655-1700$1http://www.wikidata.org/entity/Q76444$99471
=700  \\$aRoloff, Hans-Gert$4edt$eEditor$914555
=700  \\$aWels, Ulrike$4edt$eEditor$914556
=942  \\$cBOO
=952  \\$00$10$2ddc$40$6BIO_BEER1_F$70$8BIO$911666$aORPH$bORPH$cKTS1_P$d2020-07-08$eKoopman$i43A10$oBIO BEER1 f$p20127271$r2021-01-12 00:00:00$w2021-01-12$yBOO
=999  \\$c11683$d11683
=650  \0$aBiography$1http://www.wikidata.org/entity/Q36279$91927

