=LDR  01505cam a2200313 a 4500
=001  11688
=005  20250121142128.0
=008  961021s1995\\\\gw\acgh\\b\\\\010\0bger\\
=020  \\$a3761812612 (Bärenreiter)
=020  \\$a3910019099 (Händel-Haus)
=040  \\$aOI
=041  1\$ager
=100  \\$4dte$aBaselt, Bernd$d1934-1993$1http://www.wikidata.org/entity/Q75130$914558
=245  00$aGeorg Friedrich Händel:$bein Lebensinhalt. Gedenkschrift für Bernd Baselt (1934-1993)
=246  30$aGedenkschrift für Bernd Baselt
=260  \\$aHalle an der Saale$bHändel-Haus$aKassel$bBärenreiter$c1995
=300  \\$a551 pages$billustrations, portraits, music, facsimiles$c22 cm
=490  1\$aSchriften des Händel-Hauses in Halle$v11
=504  \\$aIncludes bibliographical references.
=546  \\$aGerman and English.
=590  \\$a[hrsg. von Klaus Hortschansky und Konstanze Musketa ; gefördert durch die Ständige Konferenz Mitteldeutsche Barockmusik]
=600  \0$aHandel, George Frideric$d1685-1759$1http://www.wikidata.org/entity/Q7302$94765
=648  \0$a18th Century (1701-1800)$1http://www.wikidata.org/entity/Q7015$920899
=650  \0$aMusic history$1http://www.wikidata.org/entity/Q846047$921373
=700  \\$aHortschansky, Klaus$4edt$911694
=700  \\$aMusketa, Konstanze$4edt$914559
=942  \\$cBOO
=952  \\$00$10$2ddc$40$6BIO_HAND_E$70$8BIO$911671$aORPH$bORPH$cKTS1_P$d2020-07-08$eKoopman$i22D38$l0$oBIO HAND e$p20128440$r2021-01-12 00:00:00$w2021-01-12$yBOO$OKoopman
=999  \\$d11688

