=LDR  01430cam a2200265 a 4500
=001  11689
=008  990807s1998\\\\gw\a\\\\\b\\\\101\0\muls\
=041  0\$ager$deng
=245  00$aKielinstrumente aus der Werkstatt Ruckers.$bZu Konzeption, Bauweise und Ravalement sowie Restaurierung und Konservierung. Bericht über die Internationale Konferenz vom 13. bis 15. September 1996 im Händel-Haus Halle
=260  \\$aHalle an der Saale$bHändel-Haus Halle$c1998
=300  \\$a320 pages$bill. $c25 cm.
=490  1\$aSchriften des Händel-Hauses in Halle$x0232-3214 $v14
=504  \\$aIncludes bibliographical references and index.
=546  \\$aContributions in English and German.
=610  \0$aRuckers family$1http://www.wikidata.org/entity/Q63258083$922344
=650  \0$aHarpsichord$1http://www.wikidata.org/entity/Q81982$92125
=650  \0$aHarpsichord$1http://www.wikidata.org/entity/Q81982$92125
=651  \0$1http://www.wikidata.org/entity/Q12892$aAntwerp (Belgium)$920974
=651  \0$1http://www.wikidata.org/entity/Q2814$aHalle (Saale, Germany)$921799
=700  \\$aRieche, Christiane$914561$4ctb
=700  \\$aWerner, Edwin$926487$4win
=710  \\$aHändel-Haus (Halle an der Saale, Germany)$91604
=942  \\$cBOO
=952  \\$00$10$2ddc$40$6INS_3_000000000000000_2B_RUCK$70$8INS$911672$aORPH$bORPH$cKTS0$d2020-07-08$eKoopman$i37D22$l0$oINS3.2b RUCK$p20120534$r2021-01-12 00:00:00$w2021-01-12$yTYPE_UNK$OKoopman
=999  \\$d11689

