=LDR  00359    a2200109   4500
=001  11690
=022  \\$a02329344
=245  \\$aCarl Philipp Emanuel Bach, Konzepte 2
=260  \\$c1985
=942  \\$cBOO
=952  \\$00$10$2ddc$40$6BIO_BACH2_B$70$8BIO$911673$aORPH$bORPH$cKTS1_P$d2020-07-08$eKoopman$i19B36$oBIO BACH2 b$p20125084$r2021-01-12 00:00:00$w2021-01-12$yBOO
=999  \\$c11690$d11690

