=LDR  00614    a2200157   4500
=001  11693
=008  210826t1985\\\\||||||||\||||\00|\0\mul\d
=022  \\$a02399539
=041  \\$aeng$ager$apol$arus
=100  \\$aCzekanowska-Kuklińska, Anna $d-1929$4edt$1http://www.wikidata.org/entity/Q4766940$922089
=245  \\$aMusica Antiqua VII, Bydgoszcs 1985.$b Acta Scientifica
=260  \\$c1985$aBydgoszcs 
=300  \\$a756 pages
=942  \\$cBOO
=952  \\$00$10$2ddc$40$6REF_3_000000000000000_MUSI$70$8REF$911676$aORPH$bORPH$cKM12_1$d2020-07-08$eKoopman$i20E48$oREF3 MUSI$p20125386$r2021-01-12 00:00:00$w2021-01-12$yBOO
=999  \\$d11693

