=LDR  02470aam a2200373   4500
=001  11703
=005  20251103124736.0
=008  240515s1980\\\\||||||||\||||\00|\0\ger\d
=022  \\$a03238105
=041  \\$ager
=100  \\$aKlemm, E.$4edt$927371
=245  \\$aJahrbuch Peters 1979:$bAufsätze zur Musik
=260  \\$aLeipzig$bPeters$c1980
=505  \\$gDas Frühwerk von Aleksandr Mosolov / I. Barsova -- Interpretationsprobleme der Musik von Leos Janacek / M. Barvik -- Zum Personalstil Franz Schuberts in seinen Instrumentalwerken / P. Benary -- Studien zum sächsischen Musikinstrumentenbau des 16./17. Jahrhunderts / H. Heyde & P. Liersch -- Zur Geschichte der Fünften Sinfonie von Gustav Mahler. Der Briefwechsel zwischen Mahler und dem Verlag C.F. Peters und andere Dokumente / E. Klemm -- Spruch und Lied. Zum Melodiestil des Wilden Alexander / L. Richters
=600  \0$aSchubert, Franz$d1797-1828$1http://www.wikidata.org/entity/Q7312$96183
=600  \0$aMahler, Gustav$d1860-1911$1http://www.wikidata.org/entity/Q7304$917677
=600  \0$aJanáček, Leoš$d1854-1928$1http://www.wikidata.org/entity/Q184933$923218
=610  \0$aEdition Peters (Frankfurt am Main, Germany)$1http://www.wikidata.org/entity/Q468157$927372
=648  \0$a16th Century (1501-1600)$1http://www.wikidata.org/entity/Q7017$920944
=648  \0$a17th Century (1601-1700)$1http://www.wikidata.org/entity/Q7016$920923
=648  \0$a19th Century (1801-1900)$1http://www.wikidata.org/entity/Q6955$920935
=648  \0$a20th Century (1901-2000)$1http://www.wikidata.org/entity/Q6927$920936
=650  \0$aMusical interpretation$1http://www.wikidata.org/entity/Q1668139$94533
=650  \0$aInstrumental music$1http://www.wikidata.org/entity/Q639197$92106
=650  \0$aOrganology$1http://www.wikidata.org/entity/Q899293$921400
=650  \0$aCorrespondence$1http://www.wikidata.org/entity/Q1784733$921392
=650  \0$aMusic printing$1http://www.wikidata.org/entity/Q64416036$94007
=650  \0$aSymphony$1http://www.wikidata.org/entity/Q9734$92527
=651  \0$aVienna (Austria)$1http://www.wikidata.org/entity/Q1741$920937
=651  \0$aMoravia (Czech Republic)$1http://www.wikidata.org/entity/Q43266$921692
=651  \0$aSaxony (Germany)$1http://www.wikidata.org/entity/Q1202$955
=942  \\$cPER
=952  \\$00$10$2ddc$40$6PER_JP1$70$8PER$911686$aORPH$bORPH$cKM12_1$d2020-07-08$eKoopman$i19F49$l0$oPER JP1$p20125223$r2021-01-12 00:00:00$w2021-01-12$yPER$OKoopman
=999  \\$d11703

