=LDR  00376    a2200109   4500
=001  11704
=022  \\$a03238512
=245  \\$aNationale Forschungs- und gedenkstatten Johann Seb
=260  \\$c1985
=942  \\$cBOO
=952  \\$00$10$40$6BIO_BACH1_E$70$8BIO$911687$aORPH$bORPH$cKTS1_P$d2020-07-08$eKoopman$i31D24$oBIO BACH1 e$p20121057$r2021-01-12 00:00:00$w2021-01-12$yBOO$OKoopman
=999  \\$c11704$d11704

