=LDR  01184aam a2200229   4500
=001  11705
=008  230524s1987\\\\||||||||\||||\00|\0\ger\d
=022  \\$a03238512
=041  \\$ager
=110  2\$4edt$aNationale Forschungs- und Gedenkstätten Johann Sebastian Bach der DDR (Germany)$926242
=245  \\$aDer Thomanerchor zu Leipzig 1212-1987
=260  \\$c1987$aLeipzig
=300  \\$a115 pages
=490  \\$aJohann Sebastian Bach, lebendiges Erbe$v14
=505  \\$gAus der Geschichte des Thomaskantorates zu Leipzig / Werner Felix -- Zur Geschichte des Thomanerchores – Bildteil -- Die Rektoren, Kantoren und Organisten von 1212 bis 1987 -- Reisen der Thomaner -- Thomaner-Statistik 1985
=610  20$1http://www.wikidata.org/entity/Q699313$aThomanerchor Leipzig (Germany)$926243
=650  \0$1http://www.wikidata.org/entity/Q846047$aMusic history$921373
=650  \0$1http://www.wikidata.org/entity/Q131186$aChoir$93338
=651  \0$1http://www.wikidata.org/entity/Q2079$aLeipzig (Germany)$945
=942  \\$cBOO
=952  \\$00$10$2ddc$40$6BIO_BACH1_E$70$8BIO$911688$aORPH$bORPH$cKTS1_P$d2020-07-08$eKoopman$i31D25$oBIO BACH1 e$p20121056$r2021-01-12 00:00:00$w2021-01-12$yBOO
=999  \\$d11705

