=LDR  01441cam a2200337 a 4500
=001  11706
=005  20250120120349.0
=008  030124s2002\\\\gw\a\\\\\b\\\\101\0\ger\d
=010  \\$a  2003450355
=020  \\$a3484175281 (pbk.)
=035  \\$a(OCoLC)ocm51519349
=040  \\$aOHX$cOHX$dCLU$dDLC
=042  \\$alccopycat
=043  \\$ae-gx---
=072  \7$aML$2lcco
=072  \7$aPQ$2lcco
=245  00$aMetastasio im Deutschland der Aufklärung :$bBericht über das Symposium Potsdam 1999 /$cherausgegeben von Laurenz Lütteken und Gerhard Splitt.
=260  \\$aTübingen :$bNiemeyer,$c2002.
=300  \\$axi, 251 p. :$bill. ;$c23 cm.
=504  \\$aIncludes bibliographical references and index.
=600  \0$aMetastasio, Pietro$d1698-1782$1http://www.wikidata.org/entity/Q29473$96031
=650  \0$aEnlightenment$1http://www.wikidata.org/entity/Q12539$94532
=650  \0$aLibretto$1http://www.wikidata.org/entity/Q131084$94031
=650  \0$aOpera$1http://www.wikidata.org/entity/Q1344$92468
=700  \\$aLütteken, Laurenz$910032
=700  \\$aSplitt, Gerhard$912240
=856  \\$uhttp://www.loc.gov/catdir/toc/fy0608/2003450355.html$3Table of contents only
=942  \\$cBOO
=952  \\$00$10$2ddc$40$6BIO_META_E$70$8BIO$911689$aORPH$bORPH$cKTS1_P$d2020-07-08$eKoopman$i35E19$l0$oBIO META e$p20122493$r2021-01-12 00:00:00$w2021-01-12$yBOO$OKoopman
=999  \\$c11706$d11706
=490  \\$aWolfenbütteler Studien zur Aufklärung,$vBd. 28

