=LDR  00849    a2200205   4500
=001  11707
=008  210923s2001\\\\\\\g||||\||||\00|\0dger\d
=020  \\$a3631384335
=022  \\$a03428303
=041  \\$ager
=100  \\$aMarx, Hans Joachim$d1935-$4edt$1http://www.wikidata.org/entity/Q18625182$912635
=245  \\$aBeiträge zur Musikgeschichte Hamburgs vom Mittelalter bis in die Neuzeit
=260  \\$aFrankfurt am Main$bLang$c2001
=300  \\$a480 pages
=490  \\$aHamburger Jahrbuch für Musikwissenschaft$v18
=650  \0$aMusic history$1http://www.wikidata.org/entity/Q846047$921373
=651  \0$aHamburg (Germany)$1http://www.wikidata.org/entity/Q1055$921940
=942  \\$cBOO
=952  \\$00$10$2ddc$40$6TOP_DE_HAM$70$8TOP$911690$aORPH$bORPH$cKTS0$d2020-07-08$eKoopman$i37D20$oTOP DE.HAM$p20120536$r2021-01-12 00:00:00$w2021-01-12$yBOO
=999  \\$d11707

