=LDR  06125aam a2200721   4500
=001  11708
=005  20250925143259.0
=008  220126s1995\\\\sw\ga|||\||||\00|\0\eng\d
=020  \\$a9185974315
=041  \\$aeng
=245  \\$aProceedings of the Göteborg International Organ Academy 1994
=260  \\$aGöteborg$bGöteborg University$c1995
=300  \\$a514 pages
=505  \\$gPeter Philips and Heinrich Scheidemann, or the art of intabulation / M. Belotti -- The organ music of Joseph Rheinberger and its environment / B. Billeter -- La "Grande pièce symphonique" de César Franck / J. Boyer -- Die Orgeln Mendelssohns, Liszts und Brahms' / H. J. Busch -- Sweelinck's Keyboard style and Scheidemann's intavolations / P. Dirksen -- Panel discussion: Organ and liturgy in the 21st century -- The organ works of Mendelssohn and Schumann and their links to the classical tradition / H. Fagius -- Rhythm in 17th-century German chant / F. K. Gable -- Aspects of liturgical organ-playing and the interrelationship between chorales and concert music in the 19th century / H. Herresthal -- French and German influences in the organ music of Otto Olsson / S. Jullander -- Notating-Accompanying-Conducting: Intabulation usage in the Levoca manuscripts / J. Kite-Powell -- Hugo Riemann and the development of musical performance / L. Lohmann -- Two recently discovered Magnificat verses from the North German Organ School / P.-A. Lyngberg-Larsen -- From Motet to Intabulation / K. Marshall -- Problems of interpretation and edition in the organ works of Charles-Marie Widor / J. R. Near -- The interpretation of Reubke's "Sonate der 94 Psalm" / H. van Nieuwkoop -- Johannes Brahms and the 19th-century performance practice in a historical perspective / J. van Oortmerssen -- Ze 1-an autograph by Matthias Weckmann? / I. Ortgies -- Intabulation practice from the perspective of the improviser / W. Porter -- The romantic clavichord / H. Vogel -- Joseph Rheinberger and Alexandre Guilmant- a Franco-German artist's friendship in the late 19th century / M. Weyer -- Die kürzlich wiederentdeckten Orgeltabulaturen in der Herzog-August-Bibliothek in Wolfenbüttel / R. Wilhelm
=600  \0$aPhilips, Peter$d1561-1628$1http://www.wikidata.org/entity/Q1930460$97379
=600  \0$aSweelinck, Jan Pieterszoon$d1562-1621$1http://www.wikidata.org/entity/Q110294$911454
=600  \0$aScheidemann, Heinrich$dc. 1595-1663$1http://www.wikidata.org/entity/Q61273$910510
=600  \0$aWeckmann, Matthias$d1616?-1674$1http://www.wikidata.org/entity/Q526500$910393
=600  \0$aMendelssohn-Bartholdy, Felix$d1809-1847$1http://www.wikidata.org/entity/Q46096$94998
=600  \0$aSchumann, Robert$d1810-1856$1http://www.wikidata.org/entity/Q7351$913977
=600  \0$aLiszt, Franz$d1811-1886$1http://www.wikidata.org/entity/Q41309$917400
=600  \0$aBrahms, Johannes$d1833-1897$1http://www.wikidata.org/entity/Q7294$918198
=600  \0$aFranck, César$d1822-1890$1http://www.wikidata.org/entity/Q50187$910937
=600  \0$aGuilmant, Alexandre$d1837-1911$1http://www.wikidata.org/entity/Q350359$96197
=600  \0$aRheinberger, Josef Gabriel$d1839-1901$1http://www.wikidata.org/entity/Q365555$98774
=600  \0$aWidor, Charles-Marie$d1844-1937$1http://www.wikidata.org/entity/Q215161$918592
=600  \0$aRiemann, Hugo$d1849-1919$1http://www.wikidata.org/entity/Q213539$916448
=600  \0$aOlsson, Otto$d1879-1964$1http://www.wikidata.org/entity/Q2660424$98736
=610  \0$aHerzog August Bibliothek (Wolfenbüttel, Germany)$1http://www.wikidata.org/entity/Q663820$91683
=648  \0$a16th Century (1501-1600)$1http://www.wikidata.org/entity/Q7017$920944
=648  \0$a17th Century (1601-1700)$1http://www.wikidata.org/entity/Q7016$920923
=648  \0$a19th Century (1801-1900)$1http://www.wikidata.org/entity/Q6955$920935
=648  \0$a20th Century (1901-2000)$1http://www.wikidata.org/entity/Q6927$920936
=648  \0$aFuture$1http://www.wikidata.org/entity/Q344$926356
=650  \0$aOrgan$1http://www.wikidata.org/entity/Q1444$92810
=650  \0$aOrgan music$1https://www.wikidata.org/entity/Q2003283$1http://www.wikidata.org/entity/Q116958279$91951
=650  \0$aOrganology$1http://www.wikidata.org/entity/Q899293$921400
=650  \0$aMusic history$1http://www.wikidata.org/entity/Q846047$921373
=650  \0$aIntabulation$1http://www.wikidata.org/entity/Q2894375$939323
=650  \0$aOrgan music$1http://www.wikidata.org/entity/Q2003283$91951
=650  \0$aVocal music$1http://www.wikidata.org/entity/Q685884$93319
=650  \0$aLiturgy$1http://www.wikidata.org/entity/Q172331$92284
=650  \0$aRhythm$1http://www.wikidata.org/entity/Q170406$92724
=650  \0$aInfluence$1http://www.wikidata.org/entity/Q1307337$1http://www.wikidata.org/entity/Q16578639$922289
=650  \0$aAccompaniment$1http://www.wikidata.org/entity/Q504514$92918
=650  \0$aConducting$1http://www.wikidata.org/entity/Q6989196$92392
=650  \0$aNotation$1http://www.wikidata.org/entity/Q233861$91964
=650  \0$aPerformance$1http://www.wikidata.org/entity/Q6942562$926223
=650  \0$aHistorically informed performance$1http://www.wikidata.org/entity/Q1344860$920980
=650  \0$aMagnificat$1http://www.wikidata.org/entity/Q200809$92021
=650  \0$aMotet$1http://www.wikidata.org/entity/Q188285$92028
=650  \0$aUrtext edition$1http://www.wikidata.org/entity/Q2564985$923763
=650  \0$aClavichord$1http://www.wikidata.org/entity/Q191823$92126
=650  \0$aManuscript$1http://www.wikidata.org/entity/Q87167$92275
=651  \0$aNetherlands$1http://www.wikidata.org/entity/Q55$1http://www.wikidata.org/entity/Q29999$9173
=651  \0$aGermany$1http://www.wikidata.org/entity/Q183$9155
=651  \0$aFrance$1http://www.wikidata.org/entity/Q142$9131
=700  \\$4edt$aDavidsson, Hans$910392
=700  \\$4ctb$aTobin, Henrik$d-1954$923576
=700  \\$4edt$aJullander, Sverker$911908
=942  \\$cBOO
=952  \\$00$10$2ddc$40$6INS_3_000000000000000_1D$70$8INS$911691$aORPH$bORPH$cKTS0$d2020-07-08$eKoopman$i19B18$oINS3.1d$p20125102$r2021-01-12 00:00:00$w2021-01-12$yBOO
=999  \\$d11708

