=LDR  04511cam a2200577 a 4500
=001  11709
=005  20250901113608.0
=008  930824s1990\\\\it\acfg\\b\\\\101\0dmul\\
=020  \\$a8822238206
=040  \\$aOI
=041  0\$aita$aeng
=245  10$aStudi Corelliani.$bAtti del quarto congresso internazionale (Fusignano, 4-7 settembre 1986)$nIV
=260  \\$aFlorence$bOlschki$c1990.
=300  \\$axiv-416 pages, [24] pages of plates$billustrations, portraits, music$c24 cm
=490  \\$aQuaderni della Rivista italiana di musicologia ;$v22
=500  \\$aItalian, English, or German.
=504  \\$aIncludes bibliographical references and index.
=505  \\$gOstinati e variazioni nell'opera di Arcangelo Corelli: Una proposta di interpretazione del valore normativo delle raccolte corelliane / C. M. Mossa -- Formule di ostinato nelle sonate a tre nell'Opera V di Arcangelo Corelli / C. Corsi -- Bass Patterns in Steffani's Chamber Duets / C. Timms -- Procedimenti tematici nei fugati delle sonate a tre / L. Tutino -- Conflitti di intonazione tra cembalo, liuto e archi nel concerto italiano del Seicento / P. Barbieri -- Violinistic Challenges in the Sonatas opus V of Arcangelo Corelli / S. Monosoff -- Violone e violoncello a Roma al tempo di Corelli / S. La Via -- La tastiera concertante all'epoca di Corelli / A. Morelli (193) -- Corelli's Heritage: The Early Bass Violin in Italy / S. Bonta -- Riflessioni di un esecutore sulle sonate a tre di Corelli / E. Gatti (233) -- Cenni sul basso continuo in Italia nel XVII secolo / G. Morini -- Ancora del 'vero' e del 'falso' Corelli: Un confronto con i movimenti fugati di Ravenscroft / S. Durante -- Lingua romana in bocca veneziana: Vivaldi, Corelli and the Roman School / M. Talbot -- Chaconne und Passacaille bei Lully / H. Schneider -- Arcangelo Corelli compositore di "Sinfonie": Nuovi documenti / G. Staffieri -- Corelli e il concerto seicentesco: Lettura e interpretazione dell'Opera VI / F. Piperno -- Giorgio Antoniotto, il suo trattato L'Arte armonico (London 1760) e l'Opera V di Corelli / E. Zanetti
=600  \0$aCorelli, Arcangelo$d1653-1713$1http://www.wikidata.org/entity/Q164475$95351
=600  \0$aLully, Jean-Baptiste$d1632-1687$1http://www.wikidata.org/entity/Q1192$95867
=600  \0$aSteffani, Agostino$d1654-1728$1http://www.wikidata.org/entity/Q395725$914420
=600  \0$aRavenscroft, Thomas$d1588-1635$1http://www.wikidata.org/entity/Q634595$921385
=600  \0$aVivaldi, Antonio$d1678-1741$1http://www.wikidata.org/entity/Q1340$911980
=600  \0$aAntoniotto, Giorgio$d1680-1776$1http://www.wikidata.org/entity/Q1525402$926453
=648  \0$1http://www.wikidata.org/entity/Q7016$a17th Century (1601-1700)$920923
=648  \0$1http://www.wikidata.org/entity/Q7015$a18th Century (1701-1800)$920899
=650  \0$1http://www.wikidata.org/entity/Q36834$aComposer$93625
=650  \0$1http://www.wikidata.org/entity/Q1344860$aHistorically informed performance$920980
=650  \0$1http://www.wikidata.org/entity/Q8355$aViolin$92783
=650  \0$1http://www.wikidata.org/entity/Q131269$aSonata$921653
=650  \0$1http://www.wikidata.org/entity/Q724321$aBasso continuo$921065
=650  \0$1http://www.wikidata.org/entity/Q180733$aLute$93944
=650  \0$1http://www.wikidata.org/entity/Q81982$aHarpsichord$92125
=650  \0$1http://www.wikidata.org/entity/Q858576$aTuning$921655
=650  \0$1http://www.wikidata.org/entity/Q9748$aConcerto$921817
=650  \0$1http://www.wikidata.org/entity/Q846047$aMusic history$921373
=650  \0$1http://www.wikidata.org/entity/Q841238$aChaconne$92977
=650  \0$1http://www.wikidata.org/entity/Q752329$aPassacaglia$92976
=650  \0$1http://www.wikidata.org/entity/Q9734$aSymphony$92527
=650  \0$1http://www.wikidata.org/entity/Q1791660$aReception$925021
=650  \0$1http://www.wikidata.org/entity/Q1544924$aMusical analysis$92775
=650  \0$1http://www.wikidata.org/entity/Q181014$aFugue$93142
=651  \0$1http://www.wikidata.org/entity/Q38$aItaly$922
=651  \0$1http://www.wikidata.org/entity/Q220$aRome (Italy)$949
=651  \0$1http://www.wikidata.org/entity/Q641$aVenice (Italy)$91
=700  \\$aPetrobelli, Pierluigi$4edt$913245
=700  \\$aStaffieri, Gloria$4edt$926452
=740  0\$aStudi corelliani 4.
=942  \\$cBOO
=952  \\$00$10$2ddc$40$6BIO_CORE_E$70$8BIO$911692$aORPH$bORPH$cKTS1_P$d2020-07-08$eKoopman$i31F27$l1$oBIO CORE e$p20123147$r2025-05-05 16:27:06$s2025-04-10$w2021-01-12$yBOO$OKoopman
=999  \\$d11709

