=LDR  03158cam a2200325 a 4500
=001  11710
=005  20250121142128.0
=008  030407s2002\\\\it\a\\\\\b\\\\101\0\ita\\
=020  \\$a8822251539
=040  \\$aOI
=041  0\$aita$aeng
=245  02$aL'oratorio musicale italiano e i suoi contesti (secc. XVII-XVIII).$bAtti del convegno internazionale, Perugia, Sagra musicale umbra, 18-20 settembre 1997
=260  \\$aFlorence$bOlschki$c2002.
=300  \\$axiv-604 pages$billustrations$c24 cm
=490  \\$aQuaderni della Rivista italiana di musicologia$v35
=504  \\$aIncludes bibliographical references and indexes.
=505  \\$gA survey of writings since 1980 on Italian oratorio of the seventeenth and eighteenth centuries / H. E. Smither (3) -- Per una storia dell'oratorio a Catania nel Settecento: L'escaltazione di Mardochea (1776) di Giuseppe Geremia, maestro di cappella catanese / A. Marcellino (21) -- Forme oratoriali in Sicilia nel secondo Seicento: il dialogo / L. Buono (115) -- Il principe Livio Odescalchi e l'oratorio politico / S. Franchi (141) -- Le due Giuditte di Alessandro Scarlatti: due diversi concezioni dell'oratorio / N. Dubowy (259) -- Natura e funzioni dell'oratorio di collegio: Il caso del S. Ermenegildo, da tragedia latina a sacra tragedia musicale / S. Lorenzetti (289) -- Diffuzione dell'oratorio musicale in Umbra nei secoli XVII e XVIII / Ciliberti (309) -- Aesthetic and practical influences on the Tuscan oratorio of the Late Baroque / J. Grundy Fanelli (323) -- Per la gloria del nostro Santissimo Protettore, per propria divotione e per honore della Compagnia: Osservazioni sulle esecuzioni di oratori delle confraternite in Italia nel XVII e XVIII secolo / J. Riepe (341) -- Oratori in corte a Mantova: tra Bologna, Modena e Venezia / P. Besutti (365) -- L'Oratorio veneziano tra Sei e Settecento: fisionomia e contesti / C. Steffan (423) -- L'Ambrosianità del contesto nella storia dell'oratorio milanese / M. Vaccarini Gallarani (453) -- The beginnings of sacred dramatic musical works at the Imperial Court of Vienna: sacred and moral opera, oratorio and sepolcro / H. Seifert (489) -- Oratorios sung in Italian at London, 1734-1782 / L. Lindgren (513)
=546  \\$aChiefly in Italian; some contributions also in English.
=600  \0$aScarlatti, Alessandro$d1660-1725$1http://www.wikidata.org/entity/Q183087$913800
=648  \0$a17th Century (1601-1700)$1http://www.wikidata.org/entity/Q7016$920923
=648  \0$a18th Century (1701-1800)$1http://www.wikidata.org/entity/Q7015$920899
=650  \0$aMusic history$1http://www.wikidata.org/entity/Q846047$921373
=650  \0$aOratorio$1http://www.wikidata.org/entity/Q85477$91825
=651  \0$aItaly$1http://www.wikidata.org/entity/Q38$922
=651  \0$aLondon (United Kingdom)$1http://www.wikidata.org/entity/Q84$9123
=651  \0$aVienna (Austria)$1http://www.wikidata.org/entity/Q1741$920937
=700  \\$aBesutti, Paola$4edt$916425
=942  \\$cBOO
=952  \\$00$10$2ddc$40$6TOP_IT_5_000000000000000$70$8TOP$911693$aORPH$bORPH$cKTS0$d2020-07-08$eKoopman$i37C11$l0$oTOP IT 5$p20120579$r2021-01-12 00:00:00$w2021-01-12$yBOO$OKoopman
=999  \\$d11710

