=LDR  01614nam a2200325 a 4500
=001  11711
=005  20250121142128.0
=008  930616s1993\\\\it\a\\\\\b\\\\001\0\ita\\
=020  \\$a882224026X
=040  \\$aOI
=041  \\$aita
=100  \\$4dte$aLippmann, Friedrich$d1932-2019$1http://www.wikidata.org/entity/Q15454771$912426
=245  00$aNapoli e il teatro musicale in Europa tra Sette e Ottocento:$bstudi in onore di Friedrich Lippmann
=260  \\$aFlorence$bOlschki$c1993
=300  \\$a448 p. :$bill. ;$c24 cm.
=490  \\$aQuaderni della Rivista italiana di musicologia$v28
=504  \\$aIncludes bibliographical references and index.
=600  \0$aSigismondo, Giuseppe$d1739-1826$1http://www.wikidata.org/entity/Q19357588$921893
=600  \0$aChastellux, François Jean de$d1734-1788$1http://www.wikidata.org/entity/Q655181$97420
=600  \0$aHaydn, Joseph$d1732-1809$1http://www.wikidata.org/entity/Q7349$94783
=600  00$aFarinelli, Carlo Broschi$d1705-1782$99384
=648  \0$a18th Century (1701-1800)$1http://www.wikidata.org/entity/Q7015$920899
=648  \0$a19th Century (1801-1900)$1http://www.wikidata.org/entity/Q6955$920935
=650  \0$aOpera$1http://www.wikidata.org/entity/Q1344$92468
=651  \0$aNaples (Italy)$1http://www.wikidata.org/entity/Q2634$921
=700  \\$aAntolini, Bianca Maria$4edt$914564
=700  \\$aWitzenmann, Wolfgang$d1937-$4edt$910684
=942  \\$cBOO
=952  \\$00$10$2ddc$40$6TOP_IT_NAP_5_000000000000000$70$8TOP$911694$aORPH$bORPH$cKTS0$d2020-07-08$eKoopman$i44G02$l0$oTOP IT.NAP 5$p20126879$r2021-01-12 00:00:00$w2021-01-12$yBOO
=999  \\$c11711$d11711

