=LDR  01873aam a2200301   4500
=001  11713
=008  230419s1988\\\\||||||||\||||\10|\0dger\d
=041  \\$ager
=245  \\$aDas mitteldeutsche Musikleben vor Händel / Christoph Willibald Gluck (1714-1787):$bBericht über die wissenschaftliche Konferenz zu den 36. Händelfestspielen der DDR in Halle am 15. und 16. Juni 1987
=260  \\$aHalle$bMartin-Luther-Universität$c1988
=300  \\$a115 pages
=490  \\$aKongress- und Tagungsberichte der Martin-Luther-Universität Halle-Wittenberg
=600  \0$aHandel, George Frideric$d1685-1759$1http://www.wikidata.org/entity/Q7302$94765
=600  \0$aScheidt, Samuel$d1587-1654$1http://www.wikidata.org/entity/Q169291$96474
=600  \0$aGluck, Christoph Willibald$d1714-1787$1http://www.wikidata.org/entity/Q130759$96111
=600  \0$aPohle, David$d1624-1695$1http://www.wikidata.org/entity/Q320295$939712
=610  \0$aHändel-Festspiele (Halle an der Saale, Germany)$1http://www.wikidata.org/entity/Q835892$91526
=648  \0$a17th Century (1601-1700)$1http://www.wikidata.org/entity/Q7016$920923
=648  \0$a18th Century (1701-1800)$1http://www.wikidata.org/entity/Q7015$920899
=650  \0$aMusic history$1http://www.wikidata.org/entity/Q846047$921373
=650  \0$aStaging$1http://www.wikidata.org/entity/Q3508687$922118
=650  \0$aOpera$1http://www.wikidata.org/entity/Q1344 $92468
=651  \0$1http://www.wikidata.org/entity/Q183$aGermany$9155
=700  \\$1http://www.wikidata.org/entity/Q75130$4edt$aBaselt, Bernd$d1934-1993$914558
=700  \\$1http://www.wikidata.org/entity/Q826691$4edt$aSiegmund-Schultze, Walther$d1916-1993$914064
=942  \\$cBOO
=952  \\$00$10$2ddc$40$6TOP_DE_5_000000000000000$70$8TOP$911696$aORPH$bORPH$cKTS0$d2020-07-08$eKoopman$i46F28$l0$oTOP DE 5$p20126890$r2021-01-12 00:00:00$w2021-01-12$yBOO$OKoopman
=999  \\$d11713

