=LDR  04245cam a2200325 a 4500
=001  11715
=005  20250121142128.0
=008  020726s2001\\\\gw\a\\\\\b\\\\011\0\ger\\
=020  \\$a348711660X (acid-free paper)
=040  \\$aOI
=041  0\$ager$aeng
=100  \\$4dte$aHobohm, Wolf$99448
=245  00$aZwischen Musikwissenschaft und Musikleben:$bFestschrift für Wolf Hobohm zum 60. Geburtstag am 8. Januar 1998
=260  \\$aHildesheim$bOlms$aNew York$c2001
=300  \\$a498 pages$bill. ;$c24 cm.
=490  \\$aMagdeburger Telemann-Studien$v17
=504  \\$a"Bibliographie der Veröffentlichungen von Wolf Hobohm": p. 451-472.
=504  \\$aIncludes bibliographical references and index.
=505  \\$aMartin Ruhnke: Telemanns Beiträge zu den Solfeggi von Quantz -- Thomas Synofzik: Personalstil und Instrumentalidiom. Flötensonaten von Georg Philipp Telemann aus dem Nachlaß Friedrichs des Großen -- Wladimir Rabey: Georg Philipp Telemanns Quadri (Hamburg 1730) und die Nouveaux Quatuors en Six Suites (Paris 1738) -- Steven Zohn: New Sources for Telemann's Instrumental Music -- Wolfgang Hirschmann: Ein Konzertfragment von Georg Philipp Telemann. Möglichkeiten und Grenzen der Rekonstruktion -- András Székely: Literatur und Wahreit – erste Erfahrungen mit den Kantaten des Jahrgangs 1748/49 von Telemann -- Ute Poetzsch: “Ein gelehrter Amtmann zu Eichenbarleben” – Gottfried Behrndt als Dichter für Georg Philipp Telemann -- Wolfram Steude: Georg Philipp Telemanns Kantate “Gott fähret auf mit jauchzen” TWV 1:642 – eine Miszelle -- Brit Reipsch: Bemerkungen zur Michaeliskantate “Siehe, es hat überwunden der Löwe” TWV 1:1328 von Georg Philipp Telemann -- Ann Kersting-Meuleman: Einige grundsätzliche Überlegungen zur Quellenkunde der in Frankfurt aufbewahrten Telemann-Kantatenhandschriften, dargestellt am Beispiel der Advents- und Weihnachtskantaten des Fränzosischen Jahrgangs -- Klauf Hofmann: Kaufbeurer Telemann-Notizen -- Armin Brinzing: Mitteldeutsche Kirchenmusik in der Staats- und Universitätsbibliothek Göttingen. Ein Zwischenbericht zur Neukatalogisierung -- Ralph-Jürgen Reipsch: Das “Modelied vom Pere Barnabas” und “Das ist die verkehrte Welt”. Notizen zu zwei von Telemann verwendeten Vaudevilles der Pariser Opéra comique -- Annemarie Clostermann: Rutheniens Wink oder Georg Philipp Telemanns Erfolg als musikalischer Diplomat -- Joachim Kremer: Musikpädagogischen Positionen um 1700: Joachim Gerstenbüttel und Georg Philipp Telemann im Vergleich -- Klaus-Peter Koch: Telemlann, Riga und die 1730er Jahre -- Peter Huth: Christoph Pitzler und das erste Leipziger Opernhaus – ein Rekonstruktionsversuch -- Claus Oefner: Telemannstätten in Eisenach -- Carsten Lange: Magdeburger Telemannpflege und -forschung in den Jahren 1981 bis 1996. Eine Datensammlung -- Lutz Buchmann: Reisende Virtuosen des 18. Jahrhunderts und ihre Konzerte in Magdeburg -- Friedhelm Brusniak: Der Sängerpaß - eine Erfindung der Magdeburger Liedertafel oder des Schweinfurters Liederkranzes? -- Ingelore Buchhholz: Anmerkungen zur Vorgeschichte der Magdeburgischen Gesellschaft -- Wolfgang Ruf: Aria e danza. Zur Vorgeschichte des barocken Arienbegriffs -- Konstanze Musketa: “Kündlich gross ist das Gott” oder: Ein Fasch in Paris -- Hans Joachim Marx: Felix Mendelssohn Bartholdy und England -- Günter Fleischhauer: Annotationen zu einigen instrumentalen Auftrags- und Gelegenheitswerken Georg Philipp Telemanns -- Hermann Müller: Zum 60 Geburtstag von Wolf Hobohm
=546  \\$aChiefly in German; one contribution in English.
=590  \\$aherausgegeben von Brit Reipsch und Carsten Lange
=600  \0$aTelemann, Georg Philipp$d1681-1767$1http://www.wikidata.org/entity/Q75854$99287
=648  \0$a18th Century (1701-1800)$1http://www.wikidata.org/entity/Q7015$920899
=650  \0$aComposer$1http://www.wikidata.org/entity/Q36834$93625
=651  \0$aGermany$1http://www.wikidata.org/entity/Q183$9155
=700  \\$aReipsch, Brit$4edt$910879
=700  \\$aLange, Carsten$4edt$914686
=942  \\$cBOO
=952  \\$00$10$2ddc$40$6BIO_TELE_E$70$8BIO$911698$aORPH$bORPH$cKTS1_P$d2020-07-08$eKoopman$i33D39$l0$oBIO TELE e$p20122709$r2021-01-12 00:00:00$w2021-01-12$yBOO
=999  \\$d11715

