=LDR  02954cam a22003134a 4500
=001  11716
=005  20250926134856.0
=008  050624s2005\\\\gw\ag\\\\b\\\\001\0\ger\c
=020  \\$a3487128373 (pbk.)
=040  \\$aOI
=041  0\$ager$aeng
=245  00$aTelemann und Bach:$bTelemann-Beiträge
=260  \\$aHildesheim$aZürich$aNew York$bOlms$c2005
=300  \\$a286 pages$bill., music ;$c24 cm.
=490  \\$aMagdeburger Telemann-Studien$v18
=504  \\$aIncludes bibliographical references and index.
=505  0\$aBerührungspunkte in den Biographien Georg Philipp Telemanns und Johann Sebastian Bachs sowie ihrer Familien / Wolf Hobohm -- Telemanns "Sonnet auf weyland Herrn Capellmeister Bach" / Jürgen Rathje -- Johann Sebastian Bach und sein 'glücklicher Rivale' : Zu Romain Rollands Telemann / Joachim Kremer -- Bach und Neumeister--Bach und Telemann / Ute Poetzsch-Seban -- Annotationen zu Georg Philipp Telemann, Johann Friedrich Helbig und Johann Sebastian Bach / Brit Reipsch -- Wann wurde "Ich hatte viel Bekümmernis" BWV 21/BC 99a erstaufgeführt? / Ute Poetzsch-Seban -- Die Kantaten "Tritt auf die Glaubensbahn" von Georg Philip Telemann und Johann Sebastian Bach / Martina Falletta -- Bach's Borrowings from Telemann / Steven Zohn -- Telemann-Werke im BWV : eine Übersicht / Brit Reipsch -- Die Autobiographie des Plöner Pastors Andreas Telemann aus dem Jahr 1745 / Elisabeth Rübcke -- Zur Aufführung von Telemanns "Engel-Jahrgang" und zu Zensurbestrebungen für kirchenmusikalische Texte in Hamburg / Jürgen Neubacher -- "Die wunderbare Beständigkeit" oder Von Paris nach Berlin : zur Rezeption des Orphée-Librettos von Michel du Boulay in Deutschland / Rashid-Sascha Pegah -- Tiefsinn oder Willkür? : zu den Bezifferungen in Telemanns "Harmonischen Gottes-Dienst" / Joachim Roller -- " --sur les loix d'une certaine societé" : die Mizlersche Societät der musikalischen Wissenschaften im Urteil Georg Philipp Telemanns und Johann Matthesons / Steffen Voss -- Telemann's fragmentary Overture-Suites (TWV 55) : some problems of transmission and reconstruction / Ian Payne -- Die "Quartflöte", insbesondere in Werken Telemanns / Erich Tremmel.
=546  \\$aContributions in German and English.
=600  \0$aTelemann, Georg Philipp$d1681-1767$1http://www.wikidata.org/entity/Q75854$99287
=600  \0$aBach, Johann Sebastian$d1685-1750$1http://www.wikidata.org/entity/Q1339$94766
=648  \0$a18th Century (1701-1800)$1http://www.wikidata.org/entity/Q7015$920899
=650  \0$aMusic$92062
=650  \0$aComposer$1http://www.wikidata.org/entity/Q36834$93625
=651  \0$aGermany$1http://www.wikidata.org/entity/Q183$9155
=700  \\$aReipsch, Brit$4edt$910879
=700  \\$aHobohm, Wolf$4edt$eEditor$99448
=942  \\$cBOO
=952  \\$00$10$2ddc$40$6BIO_TELE_E$70$8BIO$911699$aORPH$bORPH$cKTS1_P$d2020-07-08$eKoopman$i41D39$l1$oBIO TELE e$p20120133$r2021-09-28 00:00:00$s2021-09-27$w2021-01-12$yBOO
=999  \\$d11716

