=LDR  01110nam a22002415i 4500
=001  11719
=008  170127s2016\\\\be\\\\\\\\\\\\000\0\eng\\
=020  \\$a9789079705245
=041  \\$aeng
=100  \\$aDevoldere, Luc$4edt$914567
=245  14$aTLC - The Low Countries.$bArts and society in Flanders and the Netherlands
=260  \\$aRekkem$bOns Erfdeel vzw$c2016
=300  \\$a315 pages
=490  0\$aThe Low Countries
=590  \\$a24th Yearbook published by the Flemish-Dutch cultural institution 'Ons Erfdeel vzw'
=650  \0$aLiterature$1http://www.wikidata.org/entity/Q8242$94439
=650  \0$aFine art$1http://www.wikidata.org/entity/Q219625$921579
=650  \0$aCultural history$1http://www.wikidata.org/entity/Q858517$922395
=651  \0$aFlanders (Belgium)$1http://www.wikidata.org/entity/Q234$989
=651  \0$aNetherlands$1http://www.wikidata.org/entity/Q55$1http://www.wikidata.org/entity/Q29999$9173
=942  \\$cBOO
=952  \\$00$10$2ddc$40$6TOP_BE_FLA$70$8TOP$911702$aORPH$bORPH$cKTS0$d2020-07-08$eKoopman$i47C05$l0$oTOP BE.FLA$p20123745$r2021-01-12 00:00:00$w2021-01-12$yBOO$OKoopman
=999  \\$d11719

