=LDR  01315aam a2200253   4500
=001  11720
=005  20251003085458.0
=008  230510s2004\\\\||||||||\||||\00|\0\dut\d
=022  \\$a09219293
=245  \\$aDe luister van de lauwerkrans:$bPetrarca en de Petrarca-receptie in de vroegmoderne tijd
=260  \\$c2004$aLeiden$bUniversiteitsbibliotheek
=300  \\$a110 pages
=490  \\$aKleine publicaties van de Leidse Universiteitsbibliotheek$v64
=590  \\$acatalogus bij een tentoonstelling in de Leidse Universiteitsbibliotheek van 25 november - 23 december 2004, ter gelegenheid van het zevenhonderdste geboortejaar van Francesco Petrarca (1304-1374)
=600  \0$1http://www.wikidata.org/entity/Q1401$aPetrarca, Francesco$d1304-1374$913243
=650  \0$1http://www.wikidata.org/entity/Q858517$aCultural history$922395
=650  \0$1http://www.wikidata.org/entity/Q482$aPoetry$93026
=650  \0$1http://www.wikidata.org/entity/Q8242$aLiterature$94439
=650  \0$1http://www.wikidata.org/entity/Q2352616$aCatalogue$921484
=700  \\$4edt$aEnenkel, Karl$910747
=700  \\$4edt$aGerritsen, W. P.$914829
=942  \\$cBOO
=952  \\$00$10$2ddc$40$6BIO_PETR_C$70$8BIO$911703$aORPH$bORPH$cKTS1_P$d2020-07-08$eKoopman$i33E20$l0$oBIO PETR c$p20120969$r2021-01-12 00:00:00$w2021-01-12$yBOO$OKoopman
=999  \\$d11720

