=LDR  01372cam a2200301 a 4500
=001  11723
=005  20251009162230.0
=008  941101s1994\\\\gw\agh\\\b\\\\101\0dger\\
=010  \\$a   95146326 
=020  \\$a363146794X
=035  \\$a(OCoLC)31388528
=040  \\$aNN$cNN$dOO$dDLC
=042  \\$alccopycat
=043  \\$ae-gx---
=100  \\$aFinscher, Ludwig$d1930-2020$1http://www.wikidata.org/entity/Q88586$4edt$918734
=245  00$aJ. C. F. Fischer in seiner Zeit.$bTagungsbericht Rastatt 1988
=260  \\$aFrankfurt am Main$aNew York, NY$bLang$c1994
=300  \\$a188 pages$billustrations, music, facsimiles$c23 cm
=490  \\$aQuellen und Studien zur Geschichte der Mannheimer Hofkapelle$v3
=504  \\$aIncludes bibliographical references and index.
=600  \0$aFischer, Johann Caspar Ferdinand$d1656-1746$1http://www.wikidata.org/entity/Q704728$915400
=648  \0$a18th Century (1701-1800)$1http://www.wikidata.org/entity/Q7015$920899
=650  \0$aMusic history$1http://www.wikidata.org/entity/Q846047$921373
=650  \0$aCourt$1http://www.wikidata.org/entity/Q1134237$922191
=651  \0$aMannheim (Germany)$1http://www.wikidata.org/entity/Q2119$9218
=942  \\$cBOO
=952  \\$00$10$2ddc$40$6BIO_FISC_E$70$8BIO$911706$aORPH$bORPH$cKTS1_P$d2020-07-08$eKoopman$i46A26$oBIO FISC e$p20127571$r2021-01-12 00:00:00$w2021-01-12$yBOO$OKoopman
=999  \\$d11723

