=LDR  03349cam a2200409 a 4500
=001  11724
=008  991211s1999\\\\gw\a\\\\\b\\\\101\0\ger\d
=041  \\$ager
=100  \\$aRiedel, Friedrich Wilhelm$d1929-2020$1http://www.wikidata.org/entity/Q85423107$4edt$910668
=245  00$aKirchenmusik mit obligater Orgel.$bUntersuchungen zum süddeutsch-österreichischen Repertoire im 18. und 19. Jahrhundert
=260  \\$aSinzig$bStudio$c1999
=300  \\$a186 pages$bill. $c24 cm
=490  \\$aKirchenmusikalische Studien$v4
=504  \\$aIncludes bibliographical references and indexes.
=505  \\$gCésar Francks orgelbegleitete Kirchenmusik / P. Ackermann -- Orgelbegleitete Messen der Franziskanerminoriten im 19. Jahrhundert / W. Hoffmann -- Antonín Dvoráks Messe in D-Dur opus 86 für Soli, Chor und obligate Orgel / B. Janz --  Die Messen mit Orgelbegleitung von Gabriel Josef Rheinberger / G. Krombach -- Obligate Orgelstimmen in der Kirchenmusik Oberschwabens / W. Ladenburger -- Die Rolle der Orgel in den Messen der Breslauer Domkapellmeister des 19. Jahrhunderts und die Arrangementpraxis der Zeit / H. Loos -- Orgelbegleitete Kirchenmusik des späten 19. und frühen 20. Jahrhunderts in Österreich / F. K. Prassl -- Die konzertierende Orgel in der vokalen Kirchenmusik am kurpfälzischen Hof zu Mannheim / J. Reutter -- Der Funktionswandel der Orgel als Begleit- und Solo-Instrument in der österreichischen Kirchenmusik des 18. und frühen 19. Jahrhunderts / F. W. Riedel -- Zu den Messen mit Orgelbegleitung von Carl Greith / M. Schuler -- Organo concerto in der schlesischen katholischen Kirchenmusik des 18. und frühen 19. Jahrhunderts / R. Walter
=600  \0$aFranck, César$d1822-1890$1http://www.wikidata.org/entity/Q50187$910937
=600  \0$aGreith, Carl$d1828-1887$1http://www.wikidata.org/entity/Q1038429$926773
=600  \0$aRheinberger, Josef Gabriel$d1839-1901$1http://www.wikidata.org/entity/Q365555$98774
=600  \0$aDvořák, Antonín$d1841-1904$1http://www.wikidata.org/entity/Q7298$924382
=648  \0$a19th Century (1801-1900)$1http://www.wikidata.org/entity/Q6955$920935
=650  \0$aCatholicism$1http://www.wikidata.org/entity/Q1841$921631
=650  \0$aOrgan$1http://www.wikidata.org/entity/Q1444$92810
=650  \0$aObbligato$1http://www.wikidata.org/entity/Q2012827$926772
=650  \0$aOrganology$1http://www.wikidata.org/entity/Q899293$921400
=650  \0$aOrgan music$1http://www.wikidata.org/entity/Q2003283$91951
=650  \0$aChurch music$1http://www.wikidata.org/entity/Q8812109$92283
=650  \0$aConcerto$1http://www.wikidata.org/entity/Q9748$921817
=650  \0$aMass$1http://www.wikidata.org/entity/Q217295$92735
=651  \0$aAustria$1http://www.wikidata.org/entity/Q40$9202
=651  \0$aUpper Swabia (Germany)$1http://www.wikidata.org/entity/Q445702$923319
=651  \0$aWrocław (Poland)$1http://www.wikidata.org/entity/Q1799$921937
=651  \0$aMannheim (Germany)$1http://www.wikidata.org/entity/Q2119$9218
=651  \0$aSwitzerland$1http://www.wikidata.org/entity/Q39$920954
=651  \0$aSilesia$1http://www.wikidata.org/entity/Q81720$921055
=942  \\$cBOO
=952  \\$00$10$2ddc$40$6INS_3_000000000000000_1A_AT$70$8INS$911707$aORPH$bORPH$cKTS0$d2020-07-08$eKoopman$i25A21$l1$oINS3.1a AT$p20129149$r2022-05-19 00:00:00$s2022-05-19$w2021-01-12$yBOO
=999  \\$d11724

