=LDR  01607cam a2200313 a 4500
=001  11726
=005  20250926134856.0
=008  950801s1995\\\\gw\gh\\\\b\\\\101\0dger\\
=020  \\$a3487099748
=040  \\$aOI
=041  \\$ager
=245  10$aBericht über die Wissenschaftliche Konferenz anlässlich des 69. Bach-Festes der Neuen Bachgesellschaft, Leipzig, 29. und 30. März 1994
=260  \\$aHildesheim$aNew York$bOlms$c1995
=300  \\$a279 pages$bmusic, facsimiles$c23 cm
=490  \\$aLeipziger Beiträge zur Bach-Forschung$v1
=504  \\$aIncludes bibliographical references and index.
=505  0\$gPassionsmusiken im Umfeld Johann Sebastian Bachs -- Bach unter den Diktaturen 1933-1945 und 1945-1989
=600  \0$aBach, Johann Sebastian$d1685-1750$1http://www.wikidata.org/entity/Q1339$94766
=648  \0$a18th Century (1701-1800)$1http://www.wikidata.org/entity/Q7015$920899
=648  \0$a20th Century (1901-2000)$1http://www.wikidata.org/entity/Q6927$920936
=650  \0$aPassion$1http://www.wikidata.org/entity/Q781815$92006
=650  \0$aLegacy$1http://www.wikidata.org/entity/Q623282$922131
=651  \0$aGermany$1http://www.wikidata.org/entity/Q183$9155
=700  \\$4edt$aSchulze, Hans-Joachim$d1934-$1http://www.wikidata.org/entity/Q92055$911725
=700  \\$4edt$aLeisinger, Ulrich$99268
=700  \\$4edt$aWollny, Peter$d1961-$1http://www.wikidata.org/entity/Q95339065$915578
=942  \\$cBOO
=952  \\$00$10$31$40$6BIO_BACH1_E$70$8BIO$911709$aORPH$bORPH$cKTS1_P$d2020-07-08$eKoopman$i21F17_1$oBIO BACH1 e$p20125490$r2021-01-12 00:00:00$w2021-01-12$yBOO$OKoopman
=999  \\$d11726

