=LDR  01086cam a2200253 a 4500
=001  11727
=005  20250926134856.0
=008  020503s2002\\\\gw\a\\\\\b\\\\101\0dger\\
=020  \\$a3487115913 (acid-free paper)
=040  \\$aOI
=041  \\$ager
=100  \\$4edt$aLeisinger, Ulrich$99268
=245  00$aBach in Leipzig, Bach und Leipzig:$bKonferenzbericht Leipzig 2000
=260  \\$aHildesheim$aNew York$bOlms$c2002
=300  \\$a624 pages$bill. ;$c22 cm.
=490  \\$aLeipziger Beiträge zur Bach-Forschung$v5
=504  \\$aIncludes bibliographical references and index.
=600  \0$aBach, Johann Sebastian$d1685-1750$1http://www.wikidata.org/entity/Q1339$94766
=648  \0$a18th Century (1701-1800)$1http://www.wikidata.org/entity/Q7015$920899
=650  \0$aComposer$1http://www.wikidata.org/entity/Q36834$93625
=651  \0$aLeipzig (Germany)$1http://www.wikidata.org/entity/Q2079$945
=942  \\$cBOO
=952  \\$00$10$2ddc$35$40$6BIO_BACH1_E$70$8BIO$911710$aORPH$bORPH$cKTS1_P$d2020-07-08$eKoopman$i43B10$oBIO BACH1 e$p20120762$r2021-01-12 00:00:00$w2021-01-12$yBOO
=999  \\$d11727

