=LDR  01504aas a2200229   4500
=001  11728
=008  211115s19852001-uka||||\||||\00|\0\eng\d
=041  \\$aeng
=110  \\$aLute Society (Great Britain)$4edt$922846
=245  \\$aThe Lute
=260  \\$c2001$aOxford$bThe Lute Society
=300  \\$a2 vols. (74+96 pages)
=490  \\$aJournal of the Lute Society$vVolume XLI, 2001
=505  \\$gVolume XXV Part 2 (1985) : Tim Crawford, 'Lord Danby, Lutenist of Quality' / Kenneth Sparr, 'Luthenists at the Royal Cour of King Gustavus I of Sweden' / Robert Spencer, 'Sing Lutesongs, a final word'
Volume XLI (2001) : Peter Hauge, 'Dowland in Denmark 1598-1606: a rediscovered document' / Rachelle Taylor, 'Peter Philips (c.1560-c.1628), Composer, Priest and Man of Intrigue' / Roger Harmon, 'Timotheus' Speeches in Thomas Robinson's The Schoole of Musicke (1603)'.

=650  \0$aPeriodical$1http://www.wikidata.org/entity/Q1002697$921106
=650  \0$aLute$1http://www.wikidata.org/entity/Q180733$93944
=700  \\$aGoodwin, Christopher$4edt$927641
=700  \\$aCrawford, Tim$4edt$911228
=942  \\$cBOO
=952  \\$00$10$2ddc$3Volume XLI$40$6INS_5_000000000000000_1D_LUTE$70$8INS$911711$aORPH$bORPH$cKTS0$d2020-07-08$eKoopman$i46F25$oINS5.1d LUTE$p20126893$r2021-01-12 00:00:00$w2021-01-12$yBOO
=952  \\$00$10$2ddc$3Volume XXV part 2$40$6INS_5_000000000000000_1D_LUTE$70$8INS$920981$aORPH$bORPH$cKTS0$d2020-07-08$eKoopman$i46F25$oINS5.1d LUTE$p20128192$r2021-11-18 00:00:00$w2021-01-12$yBOO
=999  \\$d11728

