=LDR  01521nam a2200301 cb4500
=001  11729
=005  20250428124009.0
=008  101004s2010\\\\\\\gl||\\||||\10|||\ger\d
=020  \\$a9783761819180
=040  \\$aOI
=041  0\$ager$aeng$dlat
=100  \\$aGassmann, Michael$4edt$927338
=245  10$aWolfgang Amadeus Mozart: c-Moll-Messe KV 427.$bErgänzungen und Vervollständigungen
=260  \\$aKassel$bBärenreiter$c2010
=300  \\$a364 pages$bmusic examples
=490  1\$aSchriftenreihe der Internationalen Bachakademie Stuttgart$v15
=590  \\$aVorträge Europäisches Musikfest Stuttgart 2006
=600  \0$aMozart, Wolfgang Amadeus$d1756-1791$1http://www.wikidata.org/entity/Q254$95341
=648  \0$a18th Century (1701-1800)$1http://www.wikidata.org/entity/Q7015$920899
=650  \0$aMass$1http://www.wikidata.org/entity/Q217295$92735
=650  \0$aCatholicism$1http://www.wikidata.org/entity/Q1841$921631
=650  \0$aArrangement$1http://www.wikidata.org/entity/Q379755$94282
=651  \0$aSalzburg (Austria)$1http://www.wikidata.org/entity/Q34713$921433
=700  \\$aKoopman, Ton$d1944-$1https://orcid.org/0009-0005-0297-0216$1http://www.wikidata.org/entity/Q445121$4ctb$910491
=710  \\$aInternationale Bachakademie (Stuttgart, Germany)$1http://www.wikidata.org/entity/Q28738344$4edt$91506
=942  \\$cBOO
=952  \\$00$10$2ddc$40$6BIO_MOZA1_E$70$8BIO$911712$aORPH$bORPH$cKTS1_P$d2020-07-08$eKoopman$i25D32$l0$oBIO MOZA1 e$p20129326$r2021-01-12 00:00:00$w2021-01-12$yBOO$OKoopman
=999  \\$d11729

