=LDR  01391cam a22002774a 4500
=001  11730
=008  060407s2006\\\\sz\a\\\\\\\\\\100\0\mul\\
=010  \\$a 
=020  \\$a0820483702
=245  10$aMusique ancienne, instruments et imagination:$bActes des Rencontres Internationales harmoniques, Lausanne 2004 
=246  31$aMusic of the past, instruments and imagination:$bProceedings of the harmoniques International Congress, Lausanne 2004
=260  \\$aBern$aNew York$bPeter Lang$c2006
=300  \\$a302 pages
=490  1\$aPublikationen der Schweizerischen Musikforschenden Gesellschaft$aPublications de la Société suisse de musicologie
=504  \\$aIncludes bibliographical references.
=546  \\$aEnglish, French, German, and Italian.
=561  \\$aEx Libris Ton Koopman
=648  \0$a18th Century (1701-1800)$1http://www.wikidata.org/entity/Q7015$920899
=648  \0$a19th Century (1801-1900)$1http://www.wikidata.org/entity/Q6955$920935
=650  \0$aBrass instrument$1http://www.wikidata.org/entity/Q180744$92439
=650  \0$aKeyboard instrument$1http://www.wikidata.org/entity/Q52954$92849
=651  \0$aEurope$1http://www.wikidata.org/entity/Q46$991
=700  \\$aLatcham, Michael$4edt$919658
=942  \\$cBOO
=952  \\$00$10$2ddc$40$6INS_1A$70$8INS$911713$aORPH$bORPH$cKTS0$d2020-07-08$eKoopman$i25A03$oINS1a$p20129168$r2021-01-12 00:00:00$w2021-01-12$yBOO
=999  \\$d11730

