=LDR  01246cam a22002295i 4500
=001  11736
=008  \\\\\\s1999\\\\gw\ag\\\\\\\\f000\0\ger\\
=010  \\$a 
=041  \\$ager
=110  \\$4cur$aKarl-Marx-Universität (Leipzig, Germany)$921107
=245  00$aScripta Artium.$bHerbst 1990. Festschrift Rainer Weber
=260  \\$aLeipzig$bJanos Stekovics$c1999
=300  \\$a123 pages
=505  \\$aMit Beiträgen von: Stefan Erich - Holger Eichhorn - Ester Fontana - Klaus Gernhardt - Alfons Huber - Martin Kares - Martin Kirnbauer - Klaus Mortius - John Henry Van Der Meer - Mary Oleskiewicz - Annette Otterstedt - Hans Reiners - Martin-Christian Schmidt - Peter Thalheimer - William Waterhouse - Wolfgang Wenke
=561  \\$aEx Libris Ton Koopman
=648  \0$a17th Century (1601-1700)$1http://www.wikidata.org/entity/Q7016$920923
=648  \0$a18th Century (1701-1800)$1http://www.wikidata.org/entity/Q7015$920899
=650  \0$aOrganology$1http://www.wikidata.org/entity/Q899293$921400
=651  \0$aGermany$1http://www.wikidata.org/entity/Q183$9155
=942  \\$cBOO
=952  \\$00$10$2ddc$40$6INS_1A_DE$70$8INS$911719$aORPH$bORPH$cKTS0$d2020-07-08$eKoopman$i43C10$l2$oINS1a DE$p20127198$r2021-10-18 00:00:00$s2021-10-18$w2021-01-12$yBOO
=999  \\$d11736

