=LDR  01570cam a22003014a 4500
=001  11738
=005  20250121142128.0
=008  080509s2007\\\\gw\ag\\\\b\\\\101\0\ger\\
=020  \\$a9783487136295 (pbk.)
=040  \\$aOI
=041  \\$ager
=245  00$aFreiheit oder Gesetz?$bAufführungspraktische Erkenntnisse aus Telemanns Handschriften, zeitgenössischen Abschriften, musiktheoretischen Publikationen und ihre Anwendung
=260  \\$aHildesheim$bNew York$bOlms$c2007
=300  \\$a412 pages$billustrations, music$c24 cm
=490  0\$aTelemann-Konferenzberichte$v13
=490  0\$x1613-6039 ;
=504  \\$aIncludes bibliographical references and indexes.
=590  \\$aBericht über die internationale wissenschaftliche Konferenz Magdeburg, 15. bis 17. März 2000, anlässlich der 15. Magdeburger Telemann-Festtage; herausgegeben von Dieter Gutknecht, Wolf Hobohm und Brit Reipsch.
=600  \0$aTelemann, Georg Philipp$d1681-1767$1http://www.wikidata.org/entity/Q75854$99287
=648  \0$a18th Century (1701-1800)$1http://www.wikidata.org/entity/Q7015$920899
=650  \0$aHistorically informed performance$1http://www.wikidata.org/entity/Q1344860$920980
=650  \0$aManuscript$1http://www.wikidata.org/entity/Q87167$92275
=700  \\$aGutknecht, Dieter$d-1942$4edt$914574
=700  \\$aHobohm, Wolf$4edt$99448
=700  \\$aReipsch, Brit$4edt$910879
=942  \\$cBOO
=952  \\$00$10$2ddc$40$6BIO_TELE_E$70$8BIO$911721$aORPH$bORPH$cKTS1_P$d2020-07-08$eKoopman$i38E35$l1$oBIO TELE e$p20120365$r2021-09-28 00:00:00$s2021-09-23$w2021-01-12$yBOO
=999  \\$d11738

