=LDR  02340cam a2200433 a 4500
=001  11739
=005  20250925143259.0
=008  020405s2001\\\\gw\afgh\\b\\\\101\0\ger\d
=010  \\$a  2002436836
=016  7\$a962058351$2GyFmDB
=020  \\$a3487114542 (pbk.)
=035  \\$a(CU)GLAD184879753
=035  \\$a(CStRLIN)CUBGGLAD184879753-B
=040  \\$a*OHX*$c*OHX*$dNN$dCLU$dCU$dCStRLIN$dDLC
=042  \\$alccopycat
=043  \\$ae-gx---
=245  04$aDer Klang der Sächsischen Staatskapelle Dresden :$bKontinuität und Wandelbarkeit eines Phänomens
=260  \\$aHildesheim$aNew York$bOlms$c2001
=300  \\$axvii, 244-[22] pages  
=490  \\$aDresdner Beiträge zur Musikforschung$v1
=504  \\$aIncludes bibliographical references and index.
=590  \\$aBericht über das Symposium vom 26. bis 27. Oktober 1998 im Rahmen des 450jährigen Jubiläums der Sächsischen Staatskapelle Dresden : veranstaltet von der Technischen Universität Dresden, der Sächsischen Staatsoper Dresden und der Sächsischen Akademie der Künste
=610  \0$aSächsische Staatskapelle Dresden (Germany)$1http://www.wikidata.org/entity/Q584017$91605
=648  \0$a15th Century (1401-1500)$1http://www.wikidata.org/entity/Q7018$921015
=648  \0$a16th Century (1501-1600)$1http://www.wikidata.org/entity/Q7017$920944
=648  \0$a17th Century (1601-1700)$1http://www.wikidata.org/entity/Q7016$920923
=648  \0$a18th Century (1701-1800)$1http://www.wikidata.org/entity/Q7015$920899
=648  \0$a19th Century (1801-1900)$1http://www.wikidata.org/entity/Q6955$920935
=648  \0$a20th Century (1901-2000)$1http://www.wikidata.org/entity/Q6927$920936
=650  \0$aOrchestra$1http://www.wikidata.org/entity/Q42998$93159
=650  \0$aCourt$1http://www.wikidata.org/entity/Q1134237$922191
=650  \0$aCappella$1http://www.wikidata.org/entity/Q19902156$922910
=650  \0$aMusic history$1http://www.wikidata.org/entity/Q846047$921373
=651  \0$aGermany$1http://www.wikidata.org/entity/Q183$9155
=700  \\$aOttenberg, Hans-Günter$d1947-$914575$4edt
=700  \\$aSteindorf, Eberhard$914576$4edt
=942  \\$cBOO
=952  \\$00$10$2ddc$40$6TOP_DE_DRE_0_000000000000000$70$8TOP$911722$aORPH$bORPH$cKTS0$d2020-07-08$eKoopman$i38C09$l0$oTOP DE.DRE 0$p20120440$r2021-01-12 00:00:00$w2021-01-12$yBOO$OKoopman
=999  \\$d11739

