=LDR  01151cam a22002294a 4500
=001  11741
=008  100405s2009\\\\nl\af\\\\b\\\\001\0\dut\\
=020  \\$a9789057305764
=041  \\$adut
=245  04$aHet oude orgel van de Nicolaikerk te Utrecht.$bKroongetuige van de Nederlandse muziekgeschiedenis
=260  \\$aZutphen$bWalburg Pers$bStichting Nederlandse Orgelmonografieën$bStichting Peter Gerritsz orgel$c2009
=300  \\$a293 pages$bill. $c25 cm
=490  0\$aNederlandse orgelmonografieën $v10
=504  \\$aIncludes bibliographical references (p. 285-287) and index.
=610  \0$aNicolaïkerk (Utrecht, Netherlands)$1http://www.wikidata.org/entity/Q2372424$921811
=650  \0$aOrgan$1http://www.wikidata.org/entity/Q1444$92810
=650  \0$aOrganology$1http://www.wikidata.org/entity/Q899293$921400
=651  \0$aUtrecht (Netherlands)$1http://www.wikidata.org/entity/Q803$9141
=700  \\$aVerhoef, Henk$4edt$914953
=942  \\$cBOO
=952  \\$00$10$2ddc$40$6INS_3_000000000000000_1E_NL_UTR$70$8INS$911724$aORPH$bORPH$cKTS0$d2020-07-08$eKoopman$i245D20$l0$oINS3.1e NL.UTR$p20129337$r2021-01-12 00:00:00$w2021-01-12$yBOO$OKoopman
=999  \\$d11741

