=LDR  01201cam a2200277 a 4500
=001  11742
=005  20250121142128.0
=008  990513s1998\\\\gw\a\\\\\b\\\\100\0\ger\\
=010  \\$a   99206077 
=020  \\$a3895640468
=040  \\$aOI
=041  \\$ager
=100  \\$4edt$aBrusniak, Friedhelm$914569
=245  10$a"Nun bringt ein polnisch Lied die gantze Welt zum Springen":$bTelemann und Andere in der Musiklandschaft Sachsens und Polens
=260  \\$aSinzig$bStudio$c1998
=300  \\$a195 pages$bill. ;$c21 cm.
=490  \\$aArolser Beiträge zur Musikforschung$v6
=504  \\$aIncludes bibliographical references.
=600  \0$aTelemann, Georg Philipp$d1681-1767$1http://www.wikidata.org/entity/Q75854$99287
=648  \0$a18th Century (1701-1800)$1http://www.wikidata.org/entity/Q7015$920899
=650  \0$aMusic history$1http://www.wikidata.org/entity/Q846047$921373
=651  \0$aSaxony (Germany)$1http://www.wikidata.org/entity/Q1202$955
=651  \0$aPoland$1http://www.wikidata.org/entity/Q36$996
=942  \\$cBOO
=952  \\$00$10$2ddc$40$6BIO_TELE_E$70$8BIO$911725$aORPH$bORPH$cKTS1_P$d2020-07-08$eKoopman$i43G05$oBIO TELE e$p20126808$r2021-01-12 00:00:00$w2021-01-12$yBOO
=999  \\$d11742

