=LDR  00904    a2200193   4500
=001  11743
=008  211115s1991\\\\\\\|||||\||||\00|\0ddut\d
=020  \\$a9065150811
=041  \\$adut
=100  \\$4aut$aHaveman, Mariette$922818
=245  \\$aOntrouw aan Rembrandt en andere verhalen:$bEen bloemlezing uit Kunstschrift met artikelen over de 17de-eeuwse Nederlandse kunst
=260  \\$aAmsterdam$bKunstschrift$c1991
=600  \0$aRembrandt$d1606-1669$1http://www.wikidata.org/entity/Q5598$914481
=648  \0$a17th Century (1601-1700)$1http://www.wikidata.org/entity/Q7016$920923
=650  \0$aFine art$1http://www.wikidata.org/entity/Q219625$921579
=651  \0$aNetherlands$1http://www.wikidata.org/entity/Q55$9173
=942  \\$cBOO
=952  \\$00$10$2ddc$40$6BIO_REMB_E$70$8BIO$911726$aORPH$bORPH$cKTS1_P$d2020-07-08$eKoopman$i18A07$oBIO REMB e$p20127044$r2021-01-12 00:00:00$w2021-01-12$yBOO$OKoopman
=999  \\$d11743

