=LDR  01803aam a2200325   4500
=001  11747
=005  20251103150107.0
=008  211116s1990\\\\|||oaf||\c|||\00|\0dmul\d
=041  \\$adut$aeng
=245  \\$aDe Verboden Stad - The Forbidden City.$bHofcultuur van de Chinese keizers (1644-1911) - Court Culture of the Chinese Emperors (1644-1911)
=260  \\$aRotterdam$bMuseum Boymans-van Beuningen$c1990
=300  \\$a245 pages
=590  \\$aTentoonstellingscatalogus / Exhibition Catalog Museum Boymans-van Beuningen Rotterdam 16/9-25/11/90
=648  \0$a17th Century (1601-1700)$1http://www.wikidata.org/entity/Q7016$920923
=648  \0$a18th Century (1701-1800)$1http://www.wikidata.org/entity/Q7015$920899
=648  \0$a19th Century (1801-1900)$1http://www.wikidata.org/entity/Q6955$920935
=648  \0$a20th Century (1901-2000)$1http://www.wikidata.org/entity/Q6927$920936
=650  \0$aCourt$922191
=650  \0$aFine art$1http://www.wikidata.org/entity/Q219625$921579
=650  \0$aApplied arts$1http://www.wikidata.org/entity/Q2865882$921627
=650  \0$aHistory$1http://www.wikidata.org/entity/Q309$921403
=650  \0$aExhibition$1http://www.wikidata.org/entity/Q464980$925353
=650  \0$aCatalogue$1http://www.wikidata.org/entity/Q2352616$1http://www.wikidata.org/entity/Q6941730$921484
=651  \0$aChina$1http://www.wikidata.org/entity/Q29520$921493
=651  \0$aBeijing (China)$1http://www.wikidata.org/entity/Q956$922545
=700  \\$aMolen, Johannes Rein ter$d1947-$4edt$912808
=700  \\$aUitzinger, Ellen$d1942-$1http://www.wikidata.org/entity/Q131761948$4edt$939549
=942  \\$cBOO
=952  \\$00$10$2ddc$40$6TOP_CN_5_000000000000000$70$8TOP$911730$aORPH$bORPH$cKTS0$d2020-07-08$eKoopman$i18A25$oTOP CN 5$p20127019$r2021-01-12 00:00:00$w2021-01-12$yBOO
=999  \\$d11747

