=LDR  00979nam a2200253 a 4500
=001  11749
=005  20250109133540.0
=008  880805s1988\\\\it\\\\\\\bc\\\000\0\ita\d
=020  \\$a8877790431
=040  \\$aOI
=041  \\$aita
=245  00$aAlessandro Bonvicino, il Moretto
=246  30$aMoretto
=260  \\$aBologna$bNuova Alfa$c1988
=300  \\$a326 pages$bill. (some col.)$c28 cm
=504  \\$aIncludes bibliographical references (p. 298-321).
=600  \0$aMoretto da Brescia$d1498?-1554$914578
=648  \0$a16th Century (1501-1600)$1http://www.wikidata.org/entity/Q7017$920944
=650  \0$aFine art$1http://www.wikidata.org/entity/Q219625$921579
=651  \0$aBrescia (Italy)$1http://www.wikidata.org/entity/Q6221$922286
=700  \\$aDell'Acqua, Gian Alberto$d-1909$4aut$914579
=942  \\$cBOO
=952  \\$00$10$2ddc$40$6BIO_BONV_D$70$8BIO$911732$aORPH$bORPH$cKTS1_P$d2020-07-08$eKoopman$i18A28$oBIO BONV d$p20127016$r2021-01-12 00:00:00$w2021-01-12$yBOO
=999  \\$d11749

