=LDR  00851nam a22002177a 4500
=001  11750
=005  20250120120019.0
=008  900907s1990\\\\it\a\\\\\\\\\\000\0bita\\
=040  \\$aOI
=041  \\$aita
=100  \\$aValcanover, F.$4aut$914514
=245  10$aTiziano
=260  \\$aVenice$bMarsilio$c1990
=600  \0$aTitian$dc. 1488-1576$1http://www.wikidata.org/entity/Q47551$910983
=648  \0$a16th Century (1501-1600)$1http://www.wikidata.org/entity/Q7017$920944
=650  \0$aFine art$1http://www.wikidata.org/entity/Q219625$921579
=650  \0$aBiography$1http://www.wikidata.org/entity/Q36279$91927
=651  \0$aItaly$1http://www.wikidata.org/entity/Q38$922
=942  \\$cBOO
=952  \\$00$10$2ddc$40$6BIO_TITI_D$70$8BIO$911733$aORPH$bORPH$cKTS1_P$d2020-07-08$eKoopman$i18A29$oBIO TITI d$p20127015$r2021-01-12 00:00:00$w2021-01-12$yBOO
=999  \\$d11750

