=LDR  01249cam a2200277 a 4500
=001  11754
=005  20250120120538.0
=008  990806s1998\\\\it\a\\\\\bc\\\000\0\ita\d
=010  \\$a   99234634 
=020  \\$a8882151379
=040  \\$aOI
=041  \\$aita
=245  10$aBeato Angelico e Benozzo Gozzoli:$bartisti del Rinascimento a Perugia. Itinerari d'arte in Umbria
=260  \\$aCinisello Balsamo$bSilvana editoriale$c1998
=300  \\$a151-[1] pages$billustrations (some color)$c28 cm
=504  \\$aIncludes bibliographical references (p. 148-[152]).
=648  \0$aMiddle Ages (500-1400)$1http://www.wikidata.org/entity/Q12554$920964
=650  \0$aFine art$1http://www.wikidata.org/entity/Q219625$921579
=651  \0$aUmbria (Italy)$1http://www.wikidata.org/entity/Q1280$923323
=700  \\$aFra Angelico$d1387/95/1400-1455$4art$1http://www.wikidata.org/entity/Q5664$914581
=700  \\$aGozzolo, Benozzo$d1420-1497$1http://www.wikidata.org/entity/Q248615$914584
=700  \\$aGaribaldi, Vittoria$4edt$914585
=700  \\$aBiganti, Tiziana$4ctb$914586
=942  \\$cBOO
=952  \\$00$10$2ddc$40$6BIO_ANGE_C$70$8BIO$911737$aORPH$bORPH$cKTS1_P$d2020-07-08$eKoopman$i18B04$oBIO ANGE c$p20127765$r2021-01-12 00:00:00$w2021-01-12$yBOO
=999  \\$d11754

