=LDR  01673nam a2200325 a 4500
=001  11755
=005  20250120121923.0
=008  840307s1977\\\\au\a\\\\\b\\\\001\0\ger\\
=020  \\$a3703104422
=040  \\$aOI
=245  04$aDie Kunstdenkmäler des Benediktinerstiftes Kremsmünster$b1. T. Das Stift--der Bau und seine Einrichtung -- 2. T. Die stiftlichen Sammlungen und die Bibliothek.
=260  \\$aVienna$bScholl$c1977
=300  \\$a2 vols.$bill. ;$c28 cm.
=490  \\$aÖsterreichische Kunsttopographie$v43
=504  \\$aIncludes bibliographies and indexes.
=610  \0$aBenediktinerstift Kremsmünster (Austria)$1http://www.wikidata.org/entity/Q68865$91610
=610  \0$aBenedictines$921364
=650  \0$aMonastery$926216
=650  \0$aArchitecture$1http://www.wikidata.org/entity/Q12271$93185
=650  \0$aLibrary$1http://www.wikidata.org/entity/Q7075$94229
=650  \0$aCultural history$1http://www.wikidata.org/entity/Q858517$922395
=650  \0$aFine art$1http://www.wikidata.org/entity/Q219625$921579
=651  \0$aKremsmünster (Austria)$1http://www.wikidata.org/entity/Q580868$939232
=700  \\$aDoberer, Erika$4edt$914587
=700  \\$aBertele-Grenadenberg, Hans$4edt$914588
=700  \\$aBauer, Rotraud$4ctb$922661
=942  \\$cBOO
=952  \\$00$10$2ddc$3vol. 1: Der Bau$40$6TOP_AT_KRE$70$8TOP$911738$aORPH$bORPH$cKTS0$d2020-07-08$eKoopman$i18B06a$oTOP AT.KRE$p20127763$r2021-01-12 00:00:00$w2021-01-12$yBOO
=952  \\$00$10$2ddc$3vol. 2: Das Stift - Die stiftlichen Sammlungen$40$6TOP_AT_KRE$70$8TOP$911739$aORPH$bORPH$cKTS0$d2020-07-08$eKoopman$i18B06b$l0$oTOP AT.KRE$p20127794$r2021-01-12 00:00:00$w2021-01-12$yBOO$OKoopman
=999  \\$d11755

