=LDR  01138aam a2200229   4500
=001  11758
=005  20250925143259.0
=008  240319s1990\\\\|||ao|||\||||\00|\0deng\d
=041  \\$aeng
=245  \\$aGlasgow International Early Music Festival -  Glasgow, Scotland 4-11 August 1990.$bSouvenir Programme
=260  \\$aGlasgow$bScottish Early Music Consort$c1990
=300  \\$a70 pages
=610  \0$aScottish Early Music Consort (Scotland, United Kingdom)$941316
=648  \0$a20th Century (1901-2000)$1http://www.wikidata.org/entity/Q6927$920936
=650  \0$aEarly music$1http://www.wikidata.org/entity/Q436016$93160
=650  \0$aHistorically informed performance$1http://www.wikidata.org/entity/Q1344860$920980
=650  \0$aFestival book$1http://www.wikidata.org/entity/Q17590416$922319
=650  \0$aConcert$1http://www.wikidata.org/entity/Q182832$921044
=651  \0$aGlasgow (United Kingdom)$1http://www.wikidata.org/entity/Q4093$927186
=942  \\$cBOO
=952  \\$00$10$2ddc$40$6TOP_GB_GLA$70$8TOP$911741$aORPH$bORPH$cKTS0$d2020-07-08$eKoopman$i18B14$l0$oTOP GB.GLA$p20127756$r2021-01-12 00:00:00$w2021-01-12$yBOO$OKoopman
=999  \\$d11758

