=LDR  01261aam a2200253   4500
=001  11759
=005  20251003085458.0
=008  230508s1989\\\\|||ao|||\c|||\00|\0|dut\d
=041  \\$adut
=100  \\$aWinkel, G. Vande$4cur$915542
=245  \\$aDe abdij van Sint-Cornelius en Sint-Cyprianus:$b700 jaar premonstrantenzerleven te Ninove
=260  \\$aNinove$bWerkgroep Abdij Ninove$c1989
=300  \\$a183 pages
=590  \\$aCatalogus van de tentoonstelling Ninove 1-23 april 1989
=610  \0$1http://www.wikidata.org/entity/Q2820647$aAbdij van Sint-Cornelius en Sint-Cyprianus (Ninove, Belgium)$926156
=610  20$aPremonstratensians$1http://www.wikidata.org/entity/Q339332$926861
=648  \0$aPast$1http://www.wikidata.org/entity/Q192630$922196
=650  \0$aMonastery$926216
=650  \0$aExhibition$1http://www.wikidata.org/entity/Q464980$925353
=650  \0$aCatalogue$1http://www.wikidata.org/entity/Q2352616$1http://www.wikidata.org/entity/Q6941730$921484
=651  \0$1http://www.wikidata.org/entity/Q385026$aNinove (Belgium)$926157
=942  \\$cBOO
=952  \\$00$10$2ddc$40$6TOP_BE_NIN_0_000000000000000$70$8TOP$911742$aORPH$bORPH$cKTS0$d2020-07-08$eKoopman$i18B19$l0$oTOP BE.NIN 0$p20127751$r2021-01-12 00:00:00$w2021-01-12$yBOO$OKoopman
=999  \\$d11759

