=LDR  01532cam a2200313 a 4500
=001  11760
=005  20250122154542.0
=008  840427s1981\\\\fr\afo\\\bc\\f000\0dfre\\
=020  \\$a2865450074
=040  \\$aOI
=041  \\$afre
=100  \\$aBlažíček, Oldřich J.$4ctb$939555
=245  03$aLe Baroque en Bohême
=260  \\$aParis$bAssociation française d'action artistique$c1981
=300  \\$a240 pages$billustrations (some color)$c28 cm
=500  \\$a"Notices du catalogue ... rédigées par Oldřrich [sic] J. Blažíček"--P. [7]
=504  \\$aBibliography: p. 226-240.
=518  \\$oTentoonstelling$d18/09/1981-07/12/1981$pParijs. Galeries nationales du Grand Palais
=541  \\$3DEPC.L70.15XOEU013$cSchenking$aNenquin, Jacques A. E.$d[2010]
=561  \\$3L14X.L14C.16-17.09C1981$aHerkomst: Fonds Fernand Hallyn
=590  \\$aCatalog Exhibition Paris, Galeries Nationales du Grand Palais, 18 september - 7 december 1981
=648  \0$a17th Century (1601-1700)$1http://www.wikidata.org/entity/Q7016$920923
=648  \0$a18th Century (1701-1800)$1http://www.wikidata.org/entity/Q7015$920899
=650  \0$aFine art$1http://www.wikidata.org/entity/Q219625$921579
=650  \0$aBaroque$1http://www.wikidata.org/entity/Q37853$921255
=651  \0$aBohemia (Czech Republic)$1http://www.wikidata.org/entity/Q39193$921054
=942  \\$cBOO
=952  \\$00$10$2ddc$40$6TOP_CZ_5_000000000000000$70$8TOP$911743$aORPH$bORPH$cKTS0$d2020-07-08$eKoopman$i18B23$oTOP CZ 5$p20127747$r2021-01-12 00:00:00$w2021-01-12$yBOO
=999  \\$d11760

