=LDR  00899cam a2200229 a 4500
=001  11761
=005  20250120115949.0
=008  871005s1987\\\\it\a\\\\\bc\\\000\0\ita\\
=020  \\$a8820207494 :$cL50000
=040  \\$aOI
=100  \\$aCeruti, Giacomo,$d1698-1767.$914591
=111  \\$aBrescia (Italy)$922286
=245  10$aGiacomo Ceruti :$bil Pitocchetto /$c[catalogo a cura di Mina Gregori ... et al.].
=260  \\$aMilan$bMazzotta,$cc1987.
=300  \\$a219 p. :$bill. (some col.) ;$c28 cm.
=504  \\$aBibliography: p. 214-219.
=600  \0$aCeruti, Giacomo,$d1698-1767$914592
=700  \\$aGregori, Mina$914593
=710  \\$aMonastero di San Salvatore-Santa Giulia (Brescia, Italy)$91607
=942  \\$cBOO
=952  \\$00$10$2ddc$40$6BIO_CERU_D$70$8BIO$911744$aORPH$bORPH$cKTS1_P$d2020-07-08$eKoopman$i18B24$l0$oBIO CERU d$p20127746$r2021-01-12 00:00:00$w2021-01-12$yBOO$OKoopman
=999  \\$c11761$d11761

