=LDR  01055    a2200241   4500
=001  11762
=008  210930s1988\\\\fr\afo||\||||\00|\0\fre\d
=020  \\$a9782010140723
=041  \\$afre
=245  \\$aInstrumentistes et Luthiers Parisiens.$bXVII-XIX siècles
=260  \\$c1988$aFrance
=300  \\$a254 pages
=561  \\$aEx Libris Ton Koopman
=648  \0$a17th Century (1601-1700)$1http://www.wikidata.org/entity/Q7016$920923
=648  \0$a19th Century (1801-1900)$1http://www.wikidata.org/entity/Q6955$920935
=648  \0$a18th Century (1701-1800)$1http://www.wikidata.org/entity/Q7015$920899
=650  \0$aOrganology$1http://www.wikidata.org/entity/Q899293$921400
=651  \0$aParis (France)$1http://www.wikidata.org/entity/Q90$9160
=700  \\$4cur$aGétreau, Florence$919138
=710  \\$aDélégation à l'action artistique de la Ville de Paris (France)$922360
=942  \\$cBOO
=952  \\$00$10$2ddc$40$6INS_1A_FR$70$8INS$911745$aORPH$bORPH$cKTS0$d2020-07-08$eKoopman$i18B31$oINS1a FR$p20127712$r2021-01-12 00:00:00$w2021-01-12$yBOO
=999  \\$d11762

