=LDR  00923aam a2200205   4500
=001  11765
=005  20250925143259.0
=008  250429s1990\\\\||||||||\c|||\00|\0deng\d
=041  \\$aeng
=100  \\$aSalzer, Felix$d1904-1986$1http://www.wikidata.org/entity/Q5442327$4col$916679
=245  \\$aThe Salzer Collection, Fine Music and Continental Manuscripts
=260  \\$aLondon$bSotheby's$c1990
=648  \0$a20th Century (1901-2000)$1http://www.wikidata.org/entity/Q6927$920936
=650  \0$aLibrary$1http://www.wikidata.org/entity/Q7075$94229
=650  \0$aMusicologist$1http://www.wikidata.org/entity/Q14915627$92342
=650  \0$aManuscript$1http://www.wikidata.org/entity/Q87167$92275
=650  \0$aAuction$1http://www.wikidata.org/entity/Q177923$93849
=942  \\$cBOO
=952  \\$00$10$2ddc$40$70$8BIB$911748$aORPH$bORPH$cKTS0$d2020-07-08$eKoopman$i18B47$l0$p20127732$r2021-01-12 00:00:00$w2021-01-12$yBOO$OKoopman
=999  \\$d11765

