=LDR  00937aam a2200217   4500
=001  11766
=005  20251003085458.0
=008  240208s1990\\\\|||a||||\c|||\00|\0\eng\d
=041  \\$aeng
=245  \\$aFine Printed and Manuscript Music
=260  \\$aLondon$bSotheby's$c1990
=300  \\$a169 pages
=590  \\$aLondon, Thursday 17th May 1990
=648  \0$a20th Century (1901-2000)$1http://www.wikidata.org/entity/Q6927$920936
=650  \0$aManuscript$1http://www.wikidata.org/entity/Q87167$92275
=650  \0$aAuction$1http://www.wikidata.org/entity/Q177923$93849
=650  \0$aCatalogue$1http://www.wikidata.org/entity/Q2352616$921484
=651  \0$aLondon (United Kingdom)$1http://www.wikidata.org/entity/Q84$9123
=942  \\$cBOO
=952  \\$00$10$2ddc$40$6BIB_4_000000000000000_GB_LON_SOTH$70$8BIB$911749$aORPH$bORPH$cKTS0$d2020-07-08$eKoopman$i18B48$l0$oBIB4 GB.LON SOTH$p20127731$r2021-01-12 00:00:00$w2021-01-12$yBOO$OKoopman
=999  \\$d11766

