=LDR  00871aam a2200193   4500
=001  11767
=005  20250925143259.0
=008  240208s1990\\\\||||||||\c|||\00|\0\eng\d
=041  \\$aeng
=245  \\$aFine Music Manuscripts, The Property of the Eastern Baptist Theological Seminary, Philadelphia
=260  \\$aLondon$bSotheby's$c1990
=648  \0$a20th Century (1901-2000)$1http://www.wikidata.org/entity/Q6927$920936
=650  \0$aManuscript$1http://www.wikidata.org/entity/Q87167$92275
=650  \0$aTheology$1http://www.wikidata.org/entity/Q34178$93009
=650  \0$aAuction$1http://www.wikidata.org/entity/Q177923$93849
=651  \0$aPhiladelphia (PA, USA)$1http://www.wikidata.org/entity/Q1345$922154
=942  \\$cBOO
=952  \\$00$10$2ddc$40$70$8BIB$911750$aORPH$bORPH$cKTS0$d2020-07-08$eKoopman$i18B49$l0$p20127730$r2021-01-12 00:00:00$w2021-01-12$yBOO$OKoopman
=999  \\$d11767

