=LDR  01584cam a22003494a 4500
=001  11769
=005  20251003085458.0
=008  061019s2006\\\\gw\h\\\\\c\\\\000\0\ger\c
=020  \\$a3899480740 (Carus : hf.cl.)
=040  \\$aOI
=041  \\$ager
=245  00$aZwischen Himmel & Erde:$bMozarts geistliche Musik
=246  3\$aZwischen Himmel und Erde
=250  \\$a1st ed.
=260  \\$aRegensburg$bSchnell & Steiner$aStuttgart$bCarus$c2006
=300  \\$a255 pages$bnumerous illustrations (chiefly color), facsimiles$c28 cm$eCD
=500  \\$aExhibition catalog.
=561  \\$aDedication by Günther Graulich of Carus to Ton Koopman
=590  \\$azur 31. Sonderschau des Dommuseums zu Salzburg, 8. April bis 5. November 2006
=600  \0$aMozart, Wolfgang Amadeus$d1756-1791$vExhibitions.$1http://www.wikidata.org/entity/Q254$95341
=648  \0$a18th Century (1701-1800)$1http://www.wikidata.org/entity/Q7015$920899
=650  \0$aChurch music$1http://www.wikidata.org/entity/Q8812109$92283
=650  \0$aCatalogue$1http://www.wikidata.org/entity/Q2352616$921484
=651  \0$aSalzburg (Austria)$1http://www.wikidata.org/entity/Q34713$921433
=651  \0$aVienna (Austria)$1http://www.wikidata.org/entity/Q1741$920937
=700  \\$4edt$aKeller, Peter$923517
=700  \\$4edt$aKircher, Armin$923518
=700  \\$4edt$aGratz, Reinhard$923519
=700  1\$tVocal music.$kSelections.
=942  \\$cBOO
=952  \\$00$10$2ddc$40$6BIO_MOZA1_E$70$8BIO$911752$aORPH$bORPH$cKTS1_P$d2020-07-08$eKoopman$i18B60$oBIO MOZA1 e$p20127710$r2021-01-12 00:00:00$w2021-01-12$yBOO
=999  \\$d11769

