=LDR  01975aas a2200337   4500
=001  11770
=005  20251001162312.0
=008  240515s1929\\\\||||||||\||||\00|\0\ger\d
=041  \\$ager
=100  \\$aSchwartz, Rudolf$4edt$927370
=245  \\$aJahrbuch der Musikbibliothek Peters für 1928
=260  \\$aLeipzig$bPeters$c1929
=505  \\$gDas deutsche Chorlied zwischen Senfl und Haßler -- Zur Instrumentation im 17. Jahrhundert -- Gegenwartsfragen der Musikerziehung -- Musikalische Analyse und Wertidee -- Primäre Klangformen -- Zur Chakteristik Zelters -- Zur Geschichte der deutschen Choralpassion
=590  \\$aFünfunddreißigster Jahrgang
=600  \0$aSenfl, Ludwig$dc. 1486-1542/43$1http://www.wikidata.org/entity/Q58008$915079
=600  \0$aHaßler, Hans Leo$d1564-1612$1http://www.wikidata.org/entity/Q164882$96033
=600  \0$aZelter, Carl Friedrich$d1758-1832$1http://www.wikidata.org/entity/Q58857$922803
=648  \0$a16th Century (1501-1600)$1http://www.wikidata.org/entity/Q7017$920944
=648  \0$a17th Century (1601-1700)$1http://www.wikidata.org/entity/Q7016$920923
=650  \0$aMusic history$1http://www.wikidata.org/entity/Q846047$921373
=650  \0$aChoral music$1http://www.wikidata.org/entity/Q1076513$94368
=650  \0$aInstrumentation$1http://www.wikidata.org/entity/Q617028$923032
=650  \0$aMusic education$1http://www.wikidata.org/entity/Q27908$921766
=650  \0$aMusical analysis$1http://www.wikidata.org/entity/Q1544924$92775
=650  \0$aMusic philosophy and aesthetics$1http://www.wikidata.org/entity/Q2092865$921165
=650  \0$aChorale$1http://www.wikidata.org/entity/Q724473$921334
=650  \0$aPassion$1http://www.wikidata.org/entity/Q781815$92006
=651  \0$aGermany$1http://www.wikidata.org/entity/Q183$9155
=942  \\$cPER
=952  \\$00$10$2ddc$40$6PER_JP1$70$8PER$911753$aORPH$bORPH$cKM12_1$d2020-07-08$eKoopman$i18B61$l0$oPER JP1$p20127709$r2021-01-12 00:00:00$w2021-01-12$yPER$OKoopman
=999  \\$d11770

