=LDR  01930aam a2200325   4500
=001  11771
=005  20251003085458.0
=008  250602s1977\\\\|||a||||\c|||\00|\0\fre\d
=041  \\$afre
=245  \\$aAutographes musicaux : $bI. Manuscrits et lettres de compositeurs, II. Manuscrits et correspondances de Paul Dukas, III. Partitions et lettres provenant de Ricardo Vinès. Vente aux enchères publiques à Paris le 20 juin 1977
=260  \\$c1977$aParis$bDrouot
=300  \\$a96 pages
=500  \\$aAuction catalogue with some prices (results?) written in at the first few lots (Bach and Beethoven).
=600  \0$aDukas, Paul$d1865-1935$1http://www.wikidata.org/entity/Q215556$940288
=600  \0$aViñes, Ricardo$d1875-1943$1http://www.wikidata.org/entity/Q554188$940289
=650  \0$aAuction$1http://www.wikidata.org/entity/Q177923$93849
=650  \0$aCollecting$1http://www.wikidata.org/entity/Q208165$92117
=650  \0$aCatalogue$1http://www.wikidata.org/entity/Q2352616$1http://www.wikidata.org/entity/Q6941730$921484
=650  \0$aCorrespondence$1http://www.wikidata.org/entity/Q1784733$921392
=650  \0$aManuscript$1http://www.wikidata.org/entity/Q87167$92275
=651  \0$aParis (France)$1http://www.wikidata.org/entity/Q90$9160
=700  \\$aDürr, Alfred$d1918-2011$1http://www.wikidata.org/entity/Q84411$4edt$910643
=700  \\$aElvers, Rudolf$d1924-2011$4edt$99917
=700  \\$aLateiner, Jacob$d1928-2010$1http://www.wikidata.org/entity/Q2802521$4edt$940285
=700  \\$aLesure, François$1http://www.wikidata.org/entity/Q2426092$4edt$917727
=700  \\$aMecklenburg, Klaus$4edt$940286
=700  \\$aWallon, Simone$d1918-2001$1http://www.wikidata.org/entity/Q59527188$4edt$940287
=942  \\$cBOO
=952  \\$00$10$2ddc$40$6BIB_4_000000000000000_FR_PAR$70$8BIB$911754$aORPH$bORPH$cKTS0$d2020-07-08$eKoopman$i18C01$l0$oBIB4 FR.PAR$p20125004$r2021-01-12 00:00:00$w2021-01-12$yBOO$OKoopman
=999  \\$d11771

