=LDR  00818aam a2200181   4500
=001  11773
=008  250310s1978\\\\|||a||||\||||\00|\0\ita\d
=041  \\$aita
=100  \\$aMagagnato, Licisco$4edt$939863
=245  \\$aLa pittura a Verona tra sei e settecento
=260  \\$aVerona$bNeri Pozza$c1978
=648  \0$a17th Century (1601-1700)$1http://www.wikidata.org/entity/Q7016$920923
=648  \0$a18th Century (1701-1800)$1http://www.wikidata.org/entity/Q7015$920899
=650  \0$aFine art$1http://www.wikidata.org/entity/Q219625$921579
=651  \0$aVerona (Italy)$1http://www.wikidata.org/entity/Q2028$921086
=942  \\$cBOO
=952  \\$00$10$2ddc$40$6TOP_IT_VER_5_000000000000000$70$8TOP$911756$aORPH$bORPH$cKTS0$d2020-07-08$eKoopman$i18C19$l0$oTOP IT.VER 5$p20127083$r2021-01-12 00:00:00$w2021-01-12$yBOO$OKoopman
=999  \\$d11773

