=LDR  00335    a2200097   4500
=001  11774
=245  \\$aMusic in pictures, exhibition of
=260  \\$c1981
=942  \\$cBOO
=952  \\$00$10$2ddc$40$6VIS_KAPO$70$8VIS$911757$aORPH$bORPH$cKTS1_H$d2020-07-08$eKoopman$i18C20$l0$oVIS KAPO$p20127082$r2021-01-12 00:00:00$w2021-01-12$yBOO$OKoopman
=999  \\$c11774$d11774

