=LDR  01374aam a2200253   4500
=001  11776
=005  20251003085458.0
=008  240303s1975\\\\|||oa|||\c|||\00|\0\dut\d
=041  \\$adut
=110  2\$aMuseum voor Schone Kunsten (Ghent, Belgium)$1http://www.wikidata.org/entity/Q2365880$4edt$925944
=245  \\$aGent, duizend jaar kunst en cultuur:$bboekdrukkunst, boekbanden, borduurkunst, edelsmeedkunst, miniatuurkunst
=260  \\$aGhent$bStad Gent$c1975
=300  \\$axiv-396-[92] pages
=500  \\$a"Ghent, 1000 years Art & Culture" Exhibition Catalog Ghent, Bijlokemuseum, 21.6-31.8.1975
=500  \\$abook printing, bookbinding, embroidery, goldsmithing, miniature art
=650  \0$aFine art$1http://www.wikidata.org/entity/Q219625$921579
=650  \0$aCatalogue$1http://www.wikidata.org/entity/Q2352616$1http://www.wikidata.org/entity/Q6941730$921484
=650  \0$aExhibition$1http://www.wikidata.org/entity/Q464980$925353
=650  \0$aBookbinding$1http://www.wikidata.org/entity/Q240471$94369
=650  \0$aApplied arts$1http://www.wikidata.org/entity/Q2865882$921627
=651  \0$aGhent (Belgium)$1http://www.wikidata.org/entity/Q1296$920924
=942  \\$cBOO
=952  \\$00$10$2ddc$40$6TOP_BE_GHE_0_000000000000000$70$8TOP$911759$aORPH$bORPH$cKTS0$d2020-07-08$eKoopman$i18C31$l0$oTOP BE.GHE 0$p20127072$r2021-01-12 00:00:00$w2021-01-12$yBOO$OKoopman
=999  \\$d11776

