=LDR  01954nam a2200289 a 4500
=001  11777
=005  20251103121018.0
=008  910123s1990\\\\it\aob\\\bc\\\000\0dita\|
=041  \\$aita
=245  03$aLa ceramica degli Antonibon
=260  \\$aMilan$bElecta$c1990
=300  \\$a200 pages
=500  \\$aLe Nove porcelain was made in the 18th century in the town now called Nove, near Bassano, then in the Republic of Venice's mainland territories, the terrafirma. It was made at a factory owned by Pasquale Antonibon, who was already making fine maiolica in fashionable styles, which continued to be made alongside the porcelain. Production of porcelain began in 1762 and ended when Antonibon died in 1773. But it resumed in 1781, when Francisco Parolin (or Parolini) leased the factory for twenty years in a partnership with the Antonibons, known as the "Parolin period".This lasted until 1802.Production of porcelain continued intermittently until 1835. (Wikipedia)
=504  \\$aIncludes bibliographical references (p. 198-199).
=590  \\$aMostra "I Tiepolo e il Settecento Vicentino" Vicentza, Montecchio Maggiore, Bassano del Grappa, 26 maggio - 20 settembre 1990
=600  \0$aAntonibon, Giovanni Battista$914595
=648  \0$a18th Century (1701-1800)$1http://www.wikidata.org/entity/Q7015$920899
=650  \0$aApplied arts$1http://www.wikidata.org/entity/Q2865882$921627
=650  \0$aCatalogue$1http://www.wikidata.org/entity/Q2352616$1http://www.wikidata.org/entity/Q6941730$921484
=650  \0$aExhibition$1http://www.wikidata.org/entity/Q464980$925353
=651  \0$aItaly$1http://www.wikidata.org/entity/Q38$922
=700  \\$aEricani, Giuliana$4edt$914596
=700  \\$aMarini, Paola$4edt$912591
=700  \\$aStringa, Nadir$4edt$914597
=942  \\$cBOO
=952  \\$00$10$2ddc$40$6TOP_IT_5_000000000000000$70$8TOP$911760$aORPH$bORPH$cKTS0$d2020-07-08$eKoopman$i18C34$oTOP IT 5$p20127069$r2021-01-12 00:00:00$w2021-01-12$yBOO
=999  \\$d11777

