=LDR  01159cam a2200265 a 4500
=001  11778
=005  20250121142128.0
=008  910122s1990\\\\it\a\\\\\bc\\\001\0\ita\\
=020  \\$a8843531816
=040  \\$aOI
=041  \\$aita
=245  00$aRemondini, un editore del Settecento
=260  \\$aMilan$bElecta$c1990
=300  \\$a371 pages$bill. (some col.)$c28 cm
=504  \\$aIncludes bibliographical references (p. 358-364) and index.
=610  \0$aRemondini (Bassano del Grappa, Italy)$vExhibitions.$1http://www.wikidata.org/entity/Q3932513$91617
=648  \0$a18th Century (1701-1800)$1http://www.wikidata.org/entity/Q7015$920899
=650  \0$aPrinting$1http://www.wikidata.org/entity/Q11034$921936
=650  \0$aPublishing$1http://www.wikidata.org/entity/Q3972943$93049
=651  \0$aBassano del Grappa (Italy)$1http://www.wikidata.org/entity/Q47094$9196
=700  \\$aInfelise, Mario$d-1952$4edt$914598
=700  \\$aMarini, Paola$4edt$912591
=942  \\$cBOO
=952  \\$00$10$2ddc$40$6BIB_4_000000000000000_IT_REMO$70$8BIB$911761$aORPH$bORPH$cKTS0$d2020-07-08$eKoopman$i18C35$oBIB4 IT REMO$p20127068$r2021-01-12 00:00:00$w2021-01-12$yBOO
=999  \\$d11778

