=LDR  01092cam a2200253 a 4500
=001  11779
=005  20250121142128.0
=008  910122s1990\\\\it\a\\\\\bc\\\000\0\ita\\
=020  \\$a8843531808
=040  \\$aOI
=041  \\$aita
=245  02$aI Tiepolo e il Settecento vicentino
=260  \\$aMilan$bElecta$c1990
=300  \\$a404 pages$billustrations (some color)$c28 cm
=504  \\$aIncludes bibliographical references.
=648  \0$a18th Century (1701-1800)$1http://www.wikidata.org/entity/Q7015$920899
=650  \0$aFine art$1http://www.wikidata.org/entity/Q219625$921579
=651  \0$aVicenza (Italy)$1http://www.wikidata.org/entity/Q6537$922020
=700  \\$aTiepolo, Giovanni Battista$d1696-1770$4art$1http://www.wikidata.org/entity/Q186202$914601
=700  \\$aTiepolo, Giovanni Domenico$d1726?-1804$4art$1http://www.wikidata.org/entity/Q435316$914300
=700  \\$aRigon, Fernando$4edt$914602
=942  \\$cBOO
=952  \\$00$10$2ddc$40$6BIO_TIEP_E$70$8BIO$911762$aORPH$bORPH$cKTS1_P$d2020-07-08$eKoopman$i18C36$oBIO TIEP e$p20127067$r2021-01-12 00:00:00$w2021-01-12$yBOO
=999  \\$d11779

