=LDR  01083nam a2200229 a 4500
=001  11780
=005  20250120115950.0
=008  880308s1987\\\\gw\a\\\\\bc\\\000\0\ger\\
=020  \\$a3777444901 :$cDM48.00
=040  \\$aOI
=110  \\$aBayerisches Nationalmuseum (Munich, Germany)$91326
=245  10$aFächer :$bKunst und Mode aus fünf Jahrhunderten : aus den Sammlungen des Bayerischen Nationalmuseums und des Münchner Stadtmuseums /$cherausgegeben vom Bayerischen Nationalmuseum ; [Katalogredaktion, Saskia Durian-Ress ; Katalogbearbeitung, Elisabeth Heller-Winter].
=260  \\$aMünchen :$bHirmer,$c[1987]
=300  \\$a263 p. :$bill. (chiefly col.) ;$c23 x 25 cm.
=504  \\$aIncludes bibliographies.
=650  \0$aFans$94069
=700  \\$aDurian-Ress, Saskia$914603
=700  \\$aHeller-Winter, Elisabeth$914604
=710  \\$aMünchner Stadtmuseum (Munich, Germany)$91619
=942  \\$cBOO
=952  \\$00$10$2ddc$40$6VIS_MODE$70$8VIS$911763$aORPH$bORPH$cKTS1_H$d2020-07-08$eKoopman$i18C38$l0$oVIS MODE$p20127065$r2021-01-12 00:00:00$w2021-01-12$yBOO$OKoopman
=999  \\$c11780$d11780

