=LDR  01055aaa a2200229   4500
=001  11781
=005  20250925143259.0
=008  250424s1980\\\\|||aoe||\||||\00|\0\ger\d
=041  \\$ager
=100  \\$aWeimann, Horst$4edt$940085
=245  \\$aSt. Marien Jahrbuch 1980/81 des St.-Marien-Bauvereins$n9. Folge
=260  \\$c1981
=300  \\$a159 pages
=500  \\$aContains article by Ernst-Erich Stender: "Die restaurierte Totentanzorgel 1979" p.39-40
=610  \0$aMarienkirche (Lübeck, Germany)$1http://www.wikidata.org/entity/Q695065$91740
=648  \0$a20th Century (1901-2000)$1http://www.wikidata.org/entity/Q6927$920936
=650  \0$aChurch$1http://www.wikidata.org/entity/Q16970$93776
=650  \0$aArchitecture$1http://www.wikidata.org/entity/Q12271$93185
=651  \0$aLübeck (Germany)$1http://www.wikidata.org/entity/Q2843$9125
=942  \\$cBOO
=952  \\$00$10$2ddc$40$6TOP_DE_LUB_7_000000000000000$70$8TOP$911764$aORPH$bORPH$cKTS0$d2020-07-08$eKoopman$i18C44$l0$oTOP DE.LUB 7$p20127062$r2021-01-12 00:00:00$w2021-01-12$yBOO$OKoopman
=999  \\$d11781

