=LDR  01015cam a2200265 a 4500
=001  11783
=005  20250120115943.0
=008  850409s1984\\\\it\a\\\\\cb\\\000\0\ita\\
=020  \\$a8843510754 (set)
=020  \\$a8843510924 (v. l)
=020  \\$a8843510932 (v. 2)
=040  \\$aOI
=041  \\$aita
=100  \\$4edt$aCassani, Silvia$914058
=245  00$aCiviltà del Seicento a Napoli
=260  \\$aNaples$bElecta$c1984
=300  \\$a2 vols.$bill. (some col.) ;$c25 cm.
=504  \\$aBibliography: v. 2, p. 481-497.
=648  \0$a17th Century (1601-1700)$1http://www.wikidata.org/entity/Q7016$920923
=650  \0$aBaroque$1http://www.wikidata.org/entity/Q37853$921255
=650  \0$aHistory$1http://www.wikidata.org/entity/Q309$921403
=651  \0$aNaples (Italy)$1http://www.wikidata.org/entity/Q2634$921
=942  \\$cBOO
=952  \\$00$10$2ddc$40$6TOP_IT_NAP_5_000000000000000$70$8TOP$911766$aORPH$bORPH$cKTS0$d2020-07-08$eKoopman$i18C49$oTOP IT.NAP 5$p20127055$r2021-01-12 00:00:00$w2021-01-12$yBOO
=999  \\$d11783

