=LDR  01351cam a22002774a 4500
=001  11784
=008  031105s2003\\\\gw\ag\\\\bc\\\001\0\ger\c
=020  \\$a3932461215
=245  00$a"...meine angenehmste Unterhaltung":$bMusikinstrumente und Musikalien aus fränkischen Sammlungen
=246  30$aMusikinstrumente und Musikalien aus fränkischen Sammlungen
=260  \\$aWürzburg$bMainfränkisches Museum$c2003
=300  \\$a240 pages
=490  1\$aKataloge des Mainfränkischen Museums Würzburg (Unnumbered)
=490  1\$aMainfränkisches Heft$vBd. 104
=504  \\$aIncludes bibliographical references and index.
=561  \\$aEx Libris Ton Koopman
=590  \\$aur Sonderausstellung des Mainfränkischen Museums Würzburg, 14. Mai - 24. August 2003 /
=648  \0$a18th Century (1701-1800)$1http://www.wikidata.org/entity/Q7015$920899
=648  \0$a19th Century (1801-1900)$1http://www.wikidata.org/entity/Q6955$920935
=650  \0$aOrganology$1http://www.wikidata.org/entity/Q899293$921400
=651  \0$aGermany$1http://www.wikidata.org/entity/Q183$9155
=700  \\$aTrenschel, Hans-Peter$4edt$914605
=710  \\$aMainfränkisches Museum Würzburg$4aut$91624
=942  \\$cBOO
=952  \\$00$10$2ddc$40$6INS_1A_DE$70$8INS$911767$aORPH$bORPH$cKTS0$d2020-07-08$eKoopman$i18C51$oINS1a DE$p20127054$r2021-01-12 00:00:00$w2021-01-12$yBOO
=999  \\$d11784

