=LDR  01018aam a2200217   4500
=001  11786
=005  20250922100317.0
=008  250922s2002\\\\|||o||||\||||\00|\0\ger\d
=020  \\$a3886094642
=041  \\$ager
=100  \\$aHartje, N.$4edt$941298
=245  \\$aBlick auf den Canal Grande:$bVenedig und die Sammlung des Berliner Kaufmanns Sigismund Streit
=260  \\$aBerlin$bGemäldegalerie Staatliche Museen zu Berlin$bAllprint Media$c2002
=600  \0$aStreit, Sigismund$d1687-1775$1http://www.wikidata.org/entity/Q90687$941299
=648  \0$a18th Century (1701-1800)$1http://www.wikidata.org/entity/Q7015$920899
=650  \0$aCollecting$1http://www.wikidata.org/entity/Q208165$92117
=650  \0$aTrade$1http://www.wikidata.org/entity/Q601401$923616
=651  \0$aVenice (Italy)$1http://www.wikidata.org/entity/Q641$91
=942  \\$cBOO
=952  \\$00$10$2ddc$40$6TOP_IT_VEN$70$8TOP$911769$aORPH$bORPH$cKTS0$d2020-07-08$eKoopman$i18C53$l0$oTOP IT.VEN$p20127052$r2021-01-12 00:00:00$w2021-01-12$yBOO$OKoopman
=999  \\$d11786

