=LDR  00895aam a2200205   4500
=001  11787
=005  20251003085458.0
=008  221026s1989\\\\||||||||\||||\00|\0\ger\d
=041  \\$ager
=245  \\$a900 Jahre Benediktiner in Melk:$bJubiläumsausstellung 1989
=260  \\$aMelk$bStift Melk$c1989
=610  \0$aBenedictines$921364
=610  \0$aStift Melk (Austria)$1http://www.wikidata.org/entity/Q660082$91315
=650  \0$aMonastery$926216
=650  \0$aCatalogue$1http://www.wikidata.org/entity/Q2352616$1https://www.wikidata.org/wiki/Q6941730$921484
=650  \0$aExhibition$1http://www.wikidata.org/entity/Q464980$925353
=651  \0$aMelk (Austria)$1http://www.wikidata.org/entity/Q489806$925225
=942  \\$cBOO
=952  \\$00$10$2ddc$40$6TOP_AT_MEL$70$8TOP$911770$aORPH$bORPH$cKTS0$d2020-07-08$eKoopman$i18D01$l0$oTOP AT.MEL$p20125072$r2021-01-12 00:00:00$w2021-01-12$yBOO$OKoopman
=999  \\$d11787

