=LDR  00338    a2200097   4500
=001  11788
=245  \\$aSchloßmuseum Linz, Führer durch d
=260  \\$c1978
=942  \\$cBOO
=952  \\$00$10$2ddc$40$6VIS_LIPP$70$8VIS$911771$aORPH$bORPH$cKTS1_H$d2020-07-08$eKoopman$i18D02$l0$oVIS LIPP$p20125071$r2021-01-12 00:00:00$w2021-01-12$yBOO$OKoopman
=999  \\$c11788$d11788

