=LDR  00809aam a2200169   4500
=001  11790
=008  220909s1978\\\\||||||||\||||\00|\0\dut\d
=041  \\$adut
=110  \\$4edt$aVereeniging van Handelaren in Oude Kunst in Nederland (Netherlands)$924866
=245  \\$a30e oude kunst- en antiekbeurs waarin opgenomen de tentoonstelling kunstschatten uit Hongarije
=260  \\$aDelft$bMuseum "Het Prinsenhof"$c1978
=650  \0$aFine art$1http://www.wikidata.org/entity/Q219625$921579
=650  \0$aAntiquarianism$1http://www.wikidata.org/entity/Q56418598$93233
=651  \0$aHungary$1http://www.wikidata.org/entity/Q28$921233
=942  \\$cBOO
=952  \\$00$10$2ddc$40$6VIS_VERE$70$8VIS$911773$aORPH$bORPH$cKTS1_H$d2020-07-08$eKoopman$i18D06$l0$oVIS VERE$p20125066$r2021-01-12 00:00:00$w2021-01-12$yBOO$OKoopman
=999  \\$d11790

