=LDR  01324nam a2200277 a 4500
=001  11791
=005  20251028092249.0
=008  890801s1989\\\\ne\acfo\\bc\\\001\0dmul\|
=041  0\$adut$aeng
=245  00$aAan de oorsprong van de schilderkunst / The Birth of panel painting $bVroege Italiaanse schilderijen in Nederlands bezit  / Early Italian paintings in Dutch collections 
=260  \\$aThe Hague$bSDU$c1989
=300  \\$a288 pages
=504  \\$aIncludes bibliographical references (p. 284-286)
=648  \0$aMiddle Ages (500-1400)$1http://www.wikidata.org/entity/Q12554$920964
=648  \0$aRenaissance (1400-1600)$1http://www.wikidata.org/entity/Q4692$920965
=650  \0$aFine art$1http://www.wikidata.org/entity/Q219625$921579
=650  \0$aCollecting$1http://www.wikidata.org/entity/Q208165$92117
=650  \0$aMuseum$1http://www.wikidata.org/entity/Q33506$93137
=651  \0$aNetherlands$1http://www.wikidata.org/entity/Q55$9173
=651  \0$aItaly$1http://www.wikidata.org/entity/Q38$922
=700  \\$aVos, Rik$914606$4edt
=700  \\$aOs, H. van$913084$4edt
=740  0\$aBirth of panel painting.
=942  \\$cBOO
=952  \\$00$10$2ddc$40$6TOP_IT_3_000000000000000$70$8TOP$911774$aORPH$bORPH$cKTS0$d2020-07-08$eKoopman$i18D07$l0$oTOP IT 3$p20125065$r2021-01-12 00:00:00$w2021-01-12$yBOO$OKoopman
=999  \\$d11791

