=LDR  01193aam a2200229   4500
=001  11792
=005  20251003085458.0
=008  241125s1980\\\\||||||||\c|||\00|\0\ger\d
=100  \\$aEgg, Erich$d1920-2008$1http://www.wikidata.org/entity/Q1352117$4edt$922070
=245  \\$aBarock in Innsbruck.$bAusstellung zum Jubiläum 800 Innsbruck
=260  \\$aInnsbruck$bTiroler Landesmuseum$c1980
=300  \\$a220 pages
=648  \0$a18th Century (1701-1800)$1http://www.wikidata.org/entity/Q7015$920899
=648  \0$a17th Century (1601-1700)$1http://www.wikidata.org/entity/Q7016$920923
=650  \0$aCatalogue$1http://www.wikidata.org/entity/Q2352616$1https://www.wikidata.org/wiki/Q6941730$921484
=650  \0$aExhibition$1http://www.wikidata.org/entity/Q464980$925353
=650  \0$aFine art$1http://www.wikidata.org/entity/Q219625$921579
=651  \0$aInnsbruck (Austria)$1http://www.wikidata.org/entity/Q1735$921518
=700  \\$aAmmann, Gert$d1943-$1http://www.wikidata.org/entity/Q1515142$4edt$939234
=942  \\$cBOO
=952  \\$00$10$2ddc$40$6TOP_AT_INN$70$8TOP$911775$aORPH$bORPH$cKTS0$d2020-07-08$eKoopman$i18D08$l0$oTOP AT.INN$p20125064$r2021-01-12 00:00:00$w2021-01-12$yBOO$OKoopman
=999  \\$d11792

