=LDR  00970aam a2200193   4500
=001  11793
=008  230524s1979\\\\|||a||||\||||\00|\0\fre\d
=041  \\$afre
=110  1\$1http://www.wikidata.org/entity/Q679075$aMusée d'art et d'histoire de Genève$926244
=245  \\$aDessins anciens d'architecture et de décoration :$bdonation Gustave Hensch, ancienne collection Edmond Fatio
=260  \\$c1979$aGeneva$bMusée d'Art et d'Histoire
=300  \\$a64 pages
=590  \\$aMusée d'art et d'histoire, Cabinet des dessins, Genève, 15 février-15 septembre 1979
=650  \0$1http://www.wikidata.org/entity/Q219625$aFine art$921579
=650  \0$1http://www.wikidata.org/entity/Q464980$aExhibition$925353
=651  \0$1http://www.wikidata.org/entity/Q71$aGeneva (Switzerland)$923443
=942  \\$cBOO
=952  \\$00$10$2ddc$40$6VIS_HERD$70$8VIS$911776$aORPH$bORPH$cKTS1_H$d2020-07-08$eKoopman$i18D10$l0$oVIS HERD$p20125062$r2021-01-12 00:00:00$w2021-01-12$yBOO$OKoopman
=999  \\$d11793

