=LDR  00729cam a2200193 a 4500
=001  11795
=005  20211001160121.0
=008  850624s1985\\\\nyuaf\\\\c\\\\000\0\eng\\
=020  \\$a0912114096 (pbk.)
=040  \\$aOI
=110  2\$aFrick Collection.
=245  10$aHandbook of paintings /$cThe Frick Collection.
=260  \\$aNew York :$bThe Collection,$c1985.
=300  \\$a176 p., [1] leaf of plates :$bill. (some col.) ;$c23 cm.
=650  \0$aPainting$zNew York (State)$zNew York$xCatalogs.
=610  20$aFrick Collection$xCatalogs.
=952  \\$00$10$2ddc$40$6VIS_FOCA$70$8VIS$911778$aORPH$bORPH$cKTS1_H$d2020-07-08$eKoopman$i18D22$l0$oVIS FOCA$p20125051$r2021-01-12 00:00:00$w2021-01-12$yBOO$OKoopman
=999  \\$c11795$d11795
=942  \\$cBOO

