=LDR  00806aam a2200157   4500
=001  11796
=008  240409s1974\\\\||||||||\||||\00|\0\dut\d
=041  \\$adut
=245  \\$aZingende kathedraal:$bmanifestaties ter gelegenheid van 700 jaar koorzang in de St. Jans kathedraal. Programma-catalogus
=260  \\$a's-Hertogenbosch$bSt. Jans kathedraal$c1974
=610  \0$aSint-Janskathedraal ('s-Hertogenbosch, Netherlands)$1http://www.wikidata.org/entity/Q2050553$925352
=650  \0$aChurch$1http://www.wikidata.org/entity/Q16970$93776
=651  \0$a's-Hertogenbosch (Netherlands)$1http://www.wikidata.org/entity/Q2766547$982
=942  \\$cBOO
=952  \\$00$10$2ddc$40$6TOP_NL_HER$70$8TOP$911779$aORPH$bORPH$cKTS0$d2020-07-08$eKoopman$i18D23$l0$oTOP NL.HER$p20125050$r2021-01-12 00:00:00$w2021-01-12$yBOO$OKoopman
=999  \\$d11796

