=LDR  01131aam a2200205   4500
=001  11798
=008  240216s1988\\\\||||||||\||||\00|\0dger\d
=022  \\$a0720-423X
=041  \\$ager
=100  \\$aBurda, Franz$4edt$927097
=245  \\$aPan.$bZeitschrift für Kunst und Kultur$n1/88
=260  \\$aMunich$bPAN Kunst$c1988
=505  \\$gHendrick Terbrugghen: Hollands Lebenslust / A. Prater -- Seebad Brighton / A. E. Wild -- Vom Flickwerk zum Kunstwerk / L. L. Dewiel -- August Everding / E. G. Baur -- Julian Schnabel -- Edgar Ende / J. Kirchbaum -- Wiener Biedermeier / B. Krafft --  Mexikanische Malerei / R. Metzger
=600  \0$aBrugghen, Hendrick ter$d1588?-1629$1http://www.wikidata.org/entity/Q437233$924757
=648  \0$a17th Century (1601-1700)$1http://www.wikidata.org/entity/Q7016$920923
=650  \0$aFine art$1http://www.wikidata.org/entity/Q219625$921579
=651  \0$aNetherlands$1http://www.wikidata.org/entity/Q55$9173
=942  \\$cBOO
=952  \\$00$10$2ddc$40$6BIO_TERB2_F$70$8BIO$911781$aORPH$bORPH$cKTS1_P$d2020-07-08$eKoopman$i18D28$l0$oBIO TERB2 f$p20125045$r2021-01-12 00:00:00$w2021-01-12$yBOO$OKoopman
=999  \\$d11798

