=LDR  00929nam a2200205 a 4500
=001  11799
=005  20250120115954.0
=008  001114s1972\\\\be\\\\\\r\\\\\000\0\dut\d
=040  \\$aOI
=041  \\$adut
=100  \\$aLugt, Frits$d1884-1970$1http://www.wikidata.org/entity/Q1465270$4col$910058
=245  00$aVlaamse tekeningen uit de zeventiende eeuw:$bverzameling Frits Lugt, Institut néerlandais, Parijs
=260  \\$aGhent$bErasmus$c1972
=300  \\$ali-205 pages, 128 pages of plates
=648  \0$a17th Century (1601-1700)$1http://www.wikidata.org/entity/Q7016$920923
=650  \0$aFine art$1http://www.wikidata.org/entity/Q219625$921579
=651  \0$aFlanders (Belgium)$1http://www.wikidata.org/entity/Q234$989
=942  \\$cBOO
=952  \\$00$10$2ddc$40$6TOP_BE_FLA_5_000000000000000$70$8TOP$911782$aORPH$bORPH$cKTS0$d2020-07-08$eKoopman$i18D33$l0$oTOP BE.FLA 5$p20125040$r2021-01-12 00:00:00$w2021-01-12$yBOO$OKoopman
=999  \\$d11799

