=LDR  00706cam a2200181 i 4500
=001  11800
=005  20250619093306.0
=008  800814s1979\\\\nyuaf\\\\\\\\\001\0\eng\\
=020  \\$a091211410X (pbk.)
=040  \\$aOI
=110  \\$aFrick Collection (New York, NY, USA)$91625
=245  14$aThe Frick Collection :$bguide to the galleries.
=260  \\$aNew York :$bThe Collection,$c1979.
=300  \\$a126 p., [1] leaf of plates :$bill. (some col.) ;$c23 cm.
=610  \0$aFrick Collection (New York, NY, USA)$91625
=942  \\$cBOO
=952  \\$00$10$2ddc$40$6VIS_MUNH$70$8VIS$911783$aORPH$bORPH$cKTS1_H$d2020-07-08$eKoopman$i18D41$l0$oVIS MUNH$p20125032$r2021-01-12 00:00:00$w2021-01-12$yBOO$OKoopman
=999  \\$c11800$d11800

