=LDR  00905aam a2200193   4500
=001  11801
=008  250505s1976\\\\|||oaf||\||||\00|\0\ger\d
=041  \\$ager
=100  \\$aMai, Paul$d1935-2022$1http://www.wikidata.org/entity/Q15428750$4edt$914991
=245  \\$aUnser Dom.$bInformationen über den Regensburger Dom in Frage und Antwort.
=260  \\$aMunich$bSchnell & Steiner$c1976
=300  \\$a40-[70] pages
=610  \0$aRegensburger Dom (Germany)$1http://www.wikidata.org/entity/Q280268$940143
=650  \0$aChurch$1http://www.wikidata.org/entity/Q16970$93776
=650  \0$aArchitecture$1http://www.wikidata.org/entity/Q12271$93185
=651  \0$aRegensburg (Germany)$1http://www.wikidata.org/entity/Q2978$9201
=942  \\$cBOO
=952  \\$00$10$2ddc$40$6TOP_DE_REG$70$8TOP$911784$aORPH$bORPH$cKTS0$d2020-07-08$eKoopman$i18D42$l0$oTOP DE.REG$p20125031$r2021-01-12 00:00:00$w2021-01-12$yBOO$OKoopman
=999  \\$d11801

