=LDR  01100cam a2200241 a 4500
=001  11803
=005  20250514103025.0
=008  901004s1990\\\\sp\a\\\\\bc\\f001\0\spa\\
=020  \\$a8487317014
=040  \\$aOI
=100  \\$aDomínguez Ortiz, Antonio$914608
=245  10$aVelázquez :$bMuseo del Prado 23 enero/31 marzo 1990 /$cAntonio Domíguez Ortiz, Alfonso E. Pérez Sánchez, Julián Gállego.
=260  \\$aMadrid :$bMinisterio de Cultura,$cc1990.
=300  \\$ax, 467 p. :$bcol. ill. ;$c32 cm.
=504  \\$aIncludes bibliographical references (p. 457-461) and index.
=600  \0$aVelázquez, Diego$d1599-1660$1http://www.wikidata.org/entity/Q297$914610
=700  \\$aVelázquez, Diego$d1599-1660$1http://www.wikidata.org/entity/Q297$914610
=700  \\$aPérez Sánchez, Alfonso E.$914611
=700  \\$aGállego, Julián,$d-1919$914612
=710  \\$aMuseo del Prado (Madrid, Spain)$91626
=942  \\$cBOO
=952  \\$00$10$2ddc$40$6BIO_VELA_D$70$8BIO$911786$aORPH$bORPH$cKTS1_P$d2020-07-08$eKoopman$i18F09$oBIO VELA d$p20127797$r2021-01-12 00:00:00$w2021-01-12$yBOO$OKoopman
=999  \\$c11803$d11803

