=LDR  01545aam a2200301   4500
=001  11804
=008  250210s1982\\\\||||||||\||||\00|\0\ita\d
=041  \\$aita
=245  \\$aL'Accademia Filarmonica di Verona e il suo teatro
=260  \\$aVerona$bBanca Popolare$c1982
=600  \0$aGalli Bibiena, Francesco$d1659-1739$1http://www.wikidata.org/entity/Q1441043$939663
=610  \0$aTeatro Filarmonico (Verona, Italy)$1http://www.wikidata.org/entity/Q3527898$922823
=610  \0$aAccademia Filarmonica di Verona (Italy)$1http://www.wikidata.org/entity/Q2822655$939661
=648  \0$a18th Century (1701-1800)$1http://www.wikidata.org/entity/Q7015$920899
=650  \0$aLearned society$1http://www.wikidata.org/entity/Q955824$922065
=650  \0$aTheater$1http://www.wikidata.org/entity/Q24354$92225
=650  \0$aArchitecture$1http://www.wikidata.org/entity/Q12271$93185
=650  \0$aInterior design$1http://www.wikidata.org/entity/Q179232$921367
=651  \0$aVerona (Italy)$1http://www.wikidata.org/entity/Q2028$921086
=700  \\$aPaganuzzi, Enrico$d1921-2000$4ctb$922044
=700  \\$aZanolli Gemi, M.$4ctb$939658
=700  \\$aFranzoni, Lanfranco$1http://www.wikidata.org/entity/Q61476011$4ctb$922798
=700  \\$aMarchi, Gian P.$4ctb$924435
=700  \\$aRigoli, P.$4ctb$939659
=700  \\$aBologna, C.$4aut$939660
=942  \\$cBOO
=952  \\$00$10$2ddc$40$6TOP_IT_VER_5_000000000000000$70$8TOP$911787$aORPH$bORPH$cKTS0$d2020-07-08$eKoopman$i18F10$l0$oTOP IT.VER 5$p20127796$r2021-01-12 00:00:00$w2021-01-12$yBOO$OKoopman
=999  \\$d11804

