=LDR  01480aam a2200301   4500
=001  11805
=008  240303s1991\\\\|||aoe||\||||\00|\0\dut\d
=041  \\$adut
=245  \\$aGentse wooncultuur in Mozarts tijd:$been remarquabel ambelissement
=260  \\$aGhent$bGoff$c1991
=300  \\$a101 pages
=600  \0$aMozart, Wolfgang Amadeus$d1756-1791$1http://www.wikidata.org/entity/Q254$95341
=648  \0$a18th Century (1701-1800)$1http://www.wikidata.org/entity/Q7015$920899
=650  \0$aArchitecture$1http://www.wikidata.org/entity/Q12271$93185
=650  \0$aInterior design$1http://www.wikidata.org/entity/Q179232$921367
=650  \0$aFurniture$1http://www.wikidata.org/entity/Q14745$927103
=650  \0$aApplied arts$1http://www.wikidata.org/entity/Q2865882$921627
=650  \0$aHistory$1http://www.wikidata.org/entity/Q309$921403
=650  \0$aCultural history$1http://www.wikidata.org/entity/Q858517$922395
=650  \0$aMusic history$1http://www.wikidata.org/entity/Q846047$921373
=651  \0$aGhent (Belgium)$1http://www.wikidata.org/entity/Q1296$920924
=700  \\$aBaillieul, Beatrix$4aut$927138
=700  \\$aDhondt, Luc$4aut$927148
=700  \\$aVanscheeuwijck, Marc$4aut$916420
=700  \\$aFredericq-Lilar, Marie$4aut$926994
=942  \\$cBOO
=952  \\$00$10$2ddc$40$6TOP_BE_GHE_5_000000000000000$70$8TOP$911788$aORPH$bORPH$cKTS0$d2020-07-08$eKoopman$i18F12$l1$oTOP BE.GHE 5$p20127793$r2024-04-17 00:00:00$s2024-03-04$w2021-01-12$yBOO$OKoopman
=999  \\$d11805

