=LDR  00877nam a2200217 a 4500
=001  11807
=005  20250120120218.0
=008  900615s1985\\\\gw\a\\\\\b\\\\000\0\ger\\
=020  \\$a3921568552
=040  \\$aOI
=100  \\$aEsrig, David$914613
=245  10$aCommedia dell'arte:$beine Bildgeschichte der Kunst des Spektakels
=260  \\$aNördlingen$bGreno$c1985
=300  \\$a255 pages$bill. (some col.) ;$c31 cm.
=490  1\$aDelphi$v1021
=504  \\$aBibliography: p. 254-255.
=590  \\$aherausgegeben und verfasst von David Esrig ; Mitarbeit von Evelin Kohl, Hans-Jürgen Frintrop, Olympia Esrig.
=650  \0$aCommedia dell'arte$1http://www.wikidata.org/entity/Q191890$94079
=942  \\$cBOO
=952  \\$00$10$2ddc$40$6VIS_ESRI$70$8VIS$911790$aORPH$bORPH$cKTS1_H$d2020-07-08$eKoopman$i18F14$l0$oVIS ESRI$p20127791$r2021-01-12 00:00:00$w2021-01-12$yBOO$OKoopman
=999  \\$d11807

