=LDR  00972aam a2200205   4500
=001  11808
=008  250227s1991\\\\|||a||||\||||\00|\0\fre\d
=020  \\$a2901412408
=041  \\$afre
=245  \\$aLa Musique et la Peinture 1600-1900 :$btrois siècles d'iconographie musicale
=260  \\$aNice$bMusée des Beaux-Arts$c1991
=648  \0$a17th Century (1601-1700)$1http://www.wikidata.org/entity/Q7016$920923
=648  \0$a18th Century (1701-1800)$1http://www.wikidata.org/entity/Q7015$920899
=648  \0$a19th Century (1801-1900)$1http://www.wikidata.org/entity/Q6955$920935
=650  \0$aFine art$1http://www.wikidata.org/entity/Q219625$921579
=650  \0$aMusic$1http://www.wikidata.org/entity/Q638$92062
=650  \0$aIconography$1http://www.wikidata.org/entity/Q208145$921259
=942  \\$cBOO
=952  \\$00$10$2ddc$40$6VIS_DEBR$70$8VIS$911791$aORPH$bORPH$cKTS1_H$d2020-07-08$eKoopman$i18F17$l0$oVIS DEBR$p20127783$r2021-01-12 00:00:00$w2021-01-12$yBOO$OKoopman
=999  \\$d11808

