=LDR  02171aam a2200313   4500
=001  11811
=008  211124s1987\\\\\\\g||||\||||\00|\0dmul\d
=041  \\$adut$aeng
=100  \\$aBoehmer, Konrad$d1941-2014$1http://www.wikidata.org/entity/Q382893$4ctb$917114
=245  \\$aFranse Barokmuziek ca. 1650-1750:$bProject Franse Barokmuziek Koninklijk Conservatorium Den Haag 19 t/m 18 oktober 1987
=260  \\$aThe Hague$bKoninklijk Conservatorium$c1987
=300  \\$a120 pages
=500  \\$aCollection of essays, introductions, articles & clips from encyclopedias, programm notes and concert programms, around French baroque music in general,  and the students' performance of Lully's Pygmalion
=505  \\$aRameau en de geest van de verlichting / K. Boehmer (3) -- Rameau als muziektheoreticus / P. Scheepers (10) -- The Birth of French Opera / L. Salter (75) -- Atys. Lully the Opera Composer / N. Anderson (77) -- Le Rôle expressif des "agréments" dans l'école française de 1680 … 1760 / J. Arger
=600  \0$aLully, Jean-Baptiste$d1632-1687$1http://www.wikidata.org/entity/Q1192$95867
=600  \0$aRameau, Jean-Philippe$d1683-1764$1http://www.wikidata.org/entity/Q1145$94787
=610  \0$aKoninklijk Conservatorium (The Hague, Netherlands)$1http://www.wikidata.org/entity/Q18245$926542
=648  \0$a17th Century (1601-1700)$1http://www.wikidata.org/entity/Q7016$920923
=648  \0$a18th Century (1701-1800)$1http://www.wikidata.org/entity/Q7015$920899
=650  \0$aBaroque$1http://www.wikidata.org/entity/Q37853$921255
=650  \0$aEnlightenment$1http://www.wikidata.org/entity/Q12539$94532
=650  \0$aOrnamentation$1http://www.wikidata.org/entity/Q739589$922524
=650  \0$aMusic history$1http://www.wikidata.org/entity/Q846047$921373
=650  \0$aMusic education$1http://www.wikidata.org/entity/Q27908$921766
=650  \0$aConcert$1http://www.wikidata.org/entity/Q182832$921044
=651  \0$aFrance$1http://www.wikidata.org/entity/Q142$9131
=942  \\$cEPH
=952  \\$00$10$2ddc$40$6TOP_FR_5_000000000000000$70$8TOP$911794$aORPH$bORPH$cKTS0$d2020-07-08$eKoopman$i19A22$oTOP FR 5$p20125149$r2021-01-12 00:00:00$w2021-01-12$yEPH
=999  \\$d11811

