=LDR  02192cam a2200361 a 4500
=001  11814
=005  20251028151054.0
=008  860305m19841987mx\ag\\\\b\\\\001\0\spa\\
=020  \\$a9688370053 (set)
=020  \\$a9688371483 (v. 1)
=020  \\$a9688372560 (v. 2)
=020  \\$a9683600859 (v. 3)
=040  \\$aOI
=041  \\$aspa
=245  13$aLa Música de México
=250  \\$a1st ed.
=260  \\$aMexico$bInstituto de Investigaciones Estéticas$bUniversidad Nacional Autónoma de México$c1984-87 
=300  \\$a4 volumes (235+182+74+102 pages)$billustrations$c29 cm
=500  \\$a'La música de México' is a ten-volume series published by the Instituto de Investigaciones Estéticas
=504  \\$aIncludes bibliographies and indexes.
=505  1\$gI. Historia: 1. Período prehispánico (ca. 1500 a.C. a 1521 d.C.) / Susana Dultzin Dubín ... [et al.] -- 2. Período virreinal (1530 a 1810) / José Antonio Guzmán Bravo, Robert Stevenson --$gII. Guía bibliográfica / Sylvana Young Osorio --$gIII. Antalogía: 1. Periodo virreinal
=650  \0$aMusic history$1http://www.wikidata.org/entity/Q846047$921373
=651  \0$aMexico$1http://www.wikidata.org/entity/Q96$921717
=700  \\$aEstrada, Julio$4edt$914614
=700  \\$aDultzin Dubín, Susana$4ctb$914615
=700  \\$aGuzmán Bravo, J. A.$4ctb$911318
=700  \\$aStevenson, R.$4ctb$914236
=942  \\$cBOO
=952  \\$00$10$2ddc$3vol. III: Antología$40$6TOP_MX_4_000000000000000$70$8TOP$97223$aORPH$bORPH$cKTS0$d2020-07-08$eKoopman$i19A38$l0$oTOP MX 4$p20125137$r2021-01-12 00:00:00$w2021-01-12$yBOO
=952  \\$00$10$2ddc$3vol. II: Guía bibliografica$40$6TOP_MX_0_000000000000000$70$8TOP$97831$aORPH$bORPH$cKTS0$d2020-07-08$eKoopman$i19A37$l0$oTOP MX 0$p20125138$r2021-01-12 00:00:00$w2021-01-12$yBOO
=952  \\$00$10$2ddc$3vol. I.1: Historia$40$6TOP_MX_2_000000000000000$70$8TOP$911797$aORPH$bORPH$cKTS0$d2020-07-08$eKoopman$i19A35$l0$oTOP MX 2$p20125140$r2021-01-12 00:00:00$w2021-01-12$yBOO
=952  \\$00$10$2ddc$3vol. I.2: Historia$40$6TOP_MX_4_000000000000000$70$8TOP$913326$aORPH$bORPH$cKTS0$d2020-07-08$eKoopman$i19A36$l0$oTOP MX 4$p20125139$r2021-01-12 00:00:00$w2021-01-12$yBOO
=999  \\$d11814

