=LDR  01054    a2200241   4500
=001  11815
=005  20250925143259.0
=008  210923s1968\\\\-ukf||||\||||\00|\0\eng\d
=041  \\$aeng
=245  \\$aAn Exhibition of European Musical Instruments
=260  \\$c1968$aEdimburgh$bLorimer & Chalmers
=300  \\$a99 pages
=561  \\$aEx Libris Ton Koopman
=648  \0$a17th Century (1601-1700)$1http://www.wikidata.org/entity/Q7016$920923
=648  \0$a18th Century (1701-1800)$1http://www.wikidata.org/entity/Q7015$920899
=648  \0$a19th Century (1801-1900)$1http://www.wikidata.org/entity/Q6955$920935
=648  \0$a20th Century (1901-2000)$1http://www.wikidata.org/entity/Q6927$920936
=650  \0$aOrganology$1http://www.wikidata.org/entity/Q899293$921400
=651  \0$aEurope$1http://www.wikidata.org/entity/Q46$991
=710  \\$aGalpin Society (United Kingdom)$922282
=942  \\$cBOO
=952  \\$00$10$2ddc$40$6INS_1A$70$8INS$911798$aORPH$bORPH$cKTS0$d2020-07-08$eKoopman$i19A58$oINS1a$p20125123$r2021-01-12 00:00:00$w2021-01-12$yBOO
=999  \\$d11815

