=LDR  00339    a2200097   4500
=001  11816
=245  \\$aActes del I Symposium de Musicologia
=260  \\$c1985
=942  \\$cBOO
=952  \\$00$10$2ddc$40$6BIO_CERE_E$70$8BIO$911799$aORPH$bORPH$cKTS1_P$d2020-07-08$eKoopman$i19B4$oBIO CERE e$p20125116$r2021-01-12 00:00:00$w2021-01-12$yBOO$OKoopman
=999  \\$c11816$d11816

