=LDR  05513cam a2200469 a 4500
=001  11819
=005  20250120120530.0
=008  910409s1990\\\\gw\acg\\\b\\\\101\0dmul\\
=020  \\$a3890072119
=040  \\$aOI
=041  0\$afre$ager$aeng
=245  00$aJean-Baptiste Lully
=260  \\$aLaaber$bLaaber-Verlag$c1990
=300  \\$a618 pages$billustrations, portraits, music$c25 cm
=490  \\$aNeue Heidelberger Studien zur Musikwissenschaft$v18
=504  \\$aIncludes bibliographical references and indexes.
=505  \\$aLully's comic art / L. Auld (17) -- Les airs italiens et français dans les ballets et les comédies-ballets / D. Launay (31) -- Die Türkenszenen in "Le Sicilien" und "Le Bourgeois Gentilhomme" / T. Betzwieser (51) -- The musical structure of Lully's operatic airs / J. R. Anthony (65) -- Strukturen der Szenen und Akte in Lullys Opern / H. Schneider (77) -- Le rapport-orchestre dans les grands motets de Lully / J. Duron (99) -- Lully's "Jubilate Deo" LWV.77/16: A Stylistic Anomaly / J. H. Heyer (145) -- Les petits motets de Jean-Baptiste Lully: de quelques problèmes d'authenticité et de style / C. Massip (155) -- Benserade, librettiste de Lully et panégyriste du roi / V. Kapp (167) -- Molière et Lully : une symbiose artistique sans suite? / D. Fricke (181) -- The positioning of woman in Quinault's world picture / P. Howard (193) -- Chambonnières and his "Belle manière" / D. Moroney (201) -- Baptiste, interprète des ballets de cour / M. F. Christout (209) -- Un théâtre parisien en concurrence avec L'Académie royale de musique... / J. de La Gorce (223) -- Lully en visite chez Arlequin: parodies italiennes avant 1697 / F. Moureau (235) -- L'Empire Ottoman et l'Europe dans l'opéra français et viennois et temps de Lully / F. Karro (251) -- Lully und die französische Musik... / W. Braun (271) -- Un domaine méconnu de l'empire lullyste: le Trianon de Louis XIV... / H. Himelfarb (287) -- "Mr. de Lully en trio": Etienne Louilié, the Foucaults, and the Transcription of the works of Lully / P. M. Ranum (309) -- Livrets for Lully's ballets and mascerades / C. B. Schmidt (331) -- The sources for the two versions of "Psyché" (1671 and 1678) / M. Turnbull (349) -- Jean-Jacques Lefranc de Pompignan et le fonds musical Lully de la Bibliothèque Municipale de Toulouse / R. Fajon (357) -- Lully's motets: source, edition and performance / L. Sawkins (383) -- The metrical notation of Lully's recitative / L. Rosow (405) -- Problems of repetition and continuity in the dance music of Lully's "Ballet des Arts" / M. Little (423) -- Contexts for choreographies: Notated dances set to the music of Lully / R. Harris-Warwick (433) -- Un haut lieu de l'opéra de Lully : La salle de spectacles au Château de Saint-Germain-en-Laye / T. Boucher (457) -- Les œuvres de Lully transcrites pour le luth / M. Rollin (483) -- Les arrangements pour clavier des œuvres de Lully / D. Fuller (471) -- The legacy in instrumental music of Charles Babel / B. Gustafson (495) -- Lully's influence on the organization and performance of the "Ballet de Cour" after 1672 / B. Coeyman (517) -- La première décentralisation des opéras de Lully en province... Opéra de Marseille.. // J. Cheilan-Cambolin (529) -- Lully's orchestra / N. Zaslaw (539) -- Lully and the rise of musical classics in the 18th century / W. Weber (581) -- L'influence de Lully en Hollande (1670-1700) / F. Noske (591)
=590  \\$aactes du colloque Saint-Germain-en-Laye, Heidelberg 1987 réunis par Jérôme de La Gorce et Herbert Schneider = Kongressbericht Saint-Germain-en-Laye, Heidelberg 1987 / hrsg. von Jérôme de La Gorce und Herbert Schneider
=600  \0$aLully, Jean-Baptiste$d1632-1687$1http://www.wikidata.org/entity/Q1192$95867
=600  \0$aMolière$d1622-1673$1http://www.wikidata.org/entity/Q687$95673
=600  \0$aBenserade, Isaac de$d1613-1691$1http://www.wikidata.org/entity/Q982037$923054
=600  \0$aQuinault, Philippe$d1635-1688$1http://www.wikidata.org/entity/Q379947$94911
=600  \0$aChambonnières, Jacques Champion de$dc. 1602-c. 1672$1http://www.wikidata.org/entity/Q725685$923055
=600  \0$aLoulié, Étienne$d1654-1702$1http://www.wikidata.org/entity/Q289847$917063
=610  \0$aChâteau de Saint-Germain-en-Laye (Yvelines, France)$1http://www.wikidata.org/entity/Q1520841$923053
=610  \0$aChâteau de Versailles (France)$1http://www.wikidata.org/entity/Q2946$920958
=648  \0$a17th Century (1601-1700)$1http://www.wikidata.org/entity/Q7016$920923
=650  \0$aComposer$1http://www.wikidata.org/entity/Q36834$93625
=650  \0$aOpera$1http://www.wikidata.org/entity/Q1344$92468
=650  \0$aBallet$1http://www.wikidata.org/entity/Q41425$94412
=650  \0$aMotet$1http://www.wikidata.org/entity/Q188285$92028
=650  \0$aInfluence$1http://www.wikidata.org/entity/Q1307337$922289
=650  \0$aNotation$1http://www.wikidata.org/entity/Q233861$91964
=650  \0$aRecitative$1http://www.wikidata.org/entity/Q202534$93699
=650  \0$aLute$1http://www.wikidata.org/entity/Q180733$93944
=651  \0$aVersailles (France)$1http://www.wikidata.org/entity/Q621$920957
=651  \0$aNetherlands$1http://www.wikidata.org/entity/Q55$9173
=700  \\$aLa Gorce, Jérôme de$4edt$911211
=700  \\$aSchneider, Herbert$d1941-$4edt$911212
=942  \\$cBOO
=952  \\$00$10$2ddc$40$6BIO_LULL_E$70$8BIO$911802$aORPH$bORPH$cKTS1_P$d2020-07-08$eKoopman$i19B16$oBIO LULL e$p20125104$r2021-01-12 00:00:00$w2021-01-12$yBOO
=999  \\$d11819

