=LDR  04033aam a2200397   4500
=001  11820
=008  210819s1963\\\\\\\|||||\||||\01|\0\mul\d
=041  \\$ager$afre$aeng$adut
=100  \\$aSmits van Waesberghe, Joseph$d1901-1986$4dte$1http://www.wikidata.org/entity/Q3439934$918704
=245  \\$aOrganicæ voces.$bFestschrift Joseph Smits van Waesberghe, angeboten anlässlich seines 60. Geburtstages
=246  \1$aOrganicae voces
=260  \\$aAmsterdam$bInstituut voor Middeleeuwse Muziekwetenschap$c1963
=300  \\$a180 pages
=500  \\$aJoseph Smits van Waesberghe is one of Ton Koopman's professors
=505  \\$gVorwort / P. Fischer -- Ganztonreihen bei Schubert / K. P. Bernet Kempers -- La monocorde et la théorie musicale / J. Chailley -- Papal Schola versus Charlemagne / S. J. P. van Dijk -- Gregorianischer Choral und Orgelspiel im 18. Jahrhundert / K. G. Fellerer -- Rond een thema van Anthoni van Noordt / P. Fischer -- Die Laudes Sancte Crucis des Hs Darmstadt Hessische Landesbibliothek / F. Gennrich -- Un antique offertoire de la Pentecôte: "Factus est repente" / R. J. Hesbert -- Die Neumierung des althochdeutschen Petruslieds / H. Hucke -- Simon de Quercu, ein Musiktheoretiker zu Beginn des 16. Jahrhunderts / H. Hüschen -- Zur Überlieferung der Thomas-Offizien / H. Husmann -- Choral und Liturgie / E. Jammers -- Polyphonische missen op nederlandse liederen / R. B. Lenaerts -- Das Herodesspiel von Le Mans nach den Handschriften Madrid, Bibl. Nac. 288 und 289 (11. und 12. Jhd.) / W. Lipphardt -- Padbru‚ en Vondel / F. Noske -- Modes in the fourteenth century, in particular in the music of Guillaume de Machaut / G. Reaney -- "Lexicon Musicum Latinum", ein Unternehmen zur Erfoschung der musikalischen Fachsprache des Mittelalters / H. Schmid -- Neues zum Augsburger Tafelkonfekt / J. Schmidt-Görg -- Eine Auswahl der gedruckten Vorlesungen u.s.w. von Prof. Dr. J.M.A.F. Smits van Waesberghe / M. A. F. Smits van Waesberghe -- Eine Auswahl der Zeitschriftartikeln von Prof. Dr. J.M.A.F. Smits van Waesberghe / M. A. F. Smits van Waesberghe -- In Druck erschienene Werke von Prof. Dr. Jos. M.A.F. Smits van Waesberghe / M. A. F. Smits van Waesberghe -- Zwei Textierungen des Alleluia Christus Resurgens in St. Emmeram-Regensburg / B. Stäblein -- Structuur en Melodiek van het Danielspel / H. Wagenaar-Nolthenius
=600  \0$aSchubert, Franz$d1797-1828$1http://www.wikidata.org/entity/Q7312$96183
=600  \0$aVondel, Joost van den$d1587-1679$1http://www.wikidata.org/entity/Q312673$95247
=600  \0$aPadbrué, Cornelis Thymanszoon$d1592-1670$1http://www.wikidata.org/entity/Q2347610$926125
=600  \0$aSmits van Waesberghe, Joseph$d1901-1986$1http://www.wikidata.org/entity/Q3439934$918704
=610  \0$aUniversitäts- und Landesbibliothek Darmstadt (Germany)$1http://www.wikidata.org/entity/Q1806348$927092
=648  \0$aMiddle Ages (500-1400)$1http://www.wikidata.org/entity/Q12554$920964
=648  \0$a16th Century (1501-1600)$1http://www.wikidata.org/entity/Q7017$920944
=648  \0$a18th Century (1701-1800)$1http://www.wikidata.org/entity/Q7015$920899
=648  \0$a19th Century (1801-1900)$1http://www.wikidata.org/entity/Q6955$920935
=650  \0$aMusic history$1http://www.wikidata.org/entity/Q846047$921373
=650  \0$aMusic theory$1http://www.wikidata.org/entity/Q193544$92662
=650  \0$aChorale$1http://www.wikidata.org/entity/Q724473$921334
=650  \0$aPlainchant$1http://www.wikidata.org/entity/Q2707688$921363
=650  \0$aManuscript$1http://www.wikidata.org/entity/Q87167$92275
=650  \0$aSong$1http://www.wikidata.org/entity/Q7366$94164
=650  \0$aMass$1http://www.wikidata.org/entity/Q217295$92735
=650  \0$aContrafactum$1http://www.wikidata.org/entity/Q1783270$922210
=700  \\$4edt$aFischer, Pieter M.$d1921-2002$910873
=942  \\$cBOO
=952  \\$00$10$2ddc$40$6REF_4_000000000000000_SMIT$70$8REF$911803$aORPH$bORPH$cKM12_1$d2020-07-08$eKoopman$i19B24$oREF4 SMIT$p20125096$r2021-01-12 00:00:00$w2021-01-12$yBOO
=999  \\$d11820

