=LDR  00846aam a2200193   4500
=001  11821
=008  250318s1960\\\\||||||||\||||\00|\0\ger\d
=041  \\$ager
=245  \\$aBeiträge zur Musikgeschichte der Stadt Duisburg
=260  \\$c1960$aCologne$bArno Volk
=300  \\$a167 pages
=490  \\$aBeiträge zur Rheinische Musikgeschichte$v37
=650  \0$aMusic history$1http://www.wikidata.org/entity/Q846047$921373
=651  \0$aDuisburg (Germany)$1http://www.wikidata.org/entity/Q2100$939928
=700  \\$aRoden, Günter von$d1913-1999$1http://www.wikidata.org/entity/Q1561261$4edt$939924
=700  \\$aMeyer-Tödten, Friedrich$d1907-1972$4edt$939925
=942  \\$cBOO
=952  \\$00$10$2ddc$40$6TOP_DE_DUI$70$8TOP$911804$aORPH$bORPH$cKTS0$d2020-07-08$eKoopman$i19B38$l0$oTOP DE.DUI$p20125082$r2021-01-12 00:00:00$w2021-01-12$yBOO$OKoopman
=999  \\$d11821

