=LDR  01300aaa a2200205   4500
=001  11822
=008  220203s1955\\\\|||g||||\||||\00|\0\ger\d
=041  \\$ager
=100  \\$aFellerer, Karl Gustav$d1902-1984$4edt$1http://www.wikidata.org/entity/Q102481$910833
=245  \\$aBeiträge zur Musikgeschichte der Stadt Essen
=260  \\$aCologne$bStaufen$c1955
=300  \\$a110 pages
=490  \\$aBeiträge zur Rheinischen Musikgeschichte$v8
=505  \\$gGemeinsame Grundlagen des kompositorischen Schaffens von Ludwig Weber, Erich Sehlbach und Siegfried Reda / H. Eckert -- Die Essendischen Gesangbücher / W. Engelhardt -- Die Anfänge des öffentlichen weltlichen Musiklebens in Essen / F. Feldens -- Das Stift Essen um die Wende des ersten Jahrtausends / R. Jahn -- Die Musik im Essener Stift bis zur Reformation / H. Kettering -- Theater und Musik im 17. und 18. Jahrhundert / K. Mews -- 


=650  \0$aMusic history$1http://www.wikidata.org/entity/Q846047$921373
=650  \0$aTheater history$1http://www.wikidata.org/entity/Q1061140$94607
=651  \0$aEssen (Germany)$1http://www.wikidata.org/entity/Q2066$923646
=942  \\$cBOO
=952  \\$00$10$2ddc$40$6TOP_DE_ESS$70$8TOP$911805$aORPH$bORPH$cKTS0$d2020-07-08$eKoopman$i19B39$oTOP DE.ESS$p20125081$r2021-01-12 00:00:00$w2021-01-12$yBOO
=999  \\$d11822

