=LDR  00330    a2200097   4500
=001  11823
=245  \\$aG.B. Pergolesi (1710-1736)
=260  \\$c1942
=942  \\$cBOO
=952  \\$00$10$2ddc$40$6BIO_PERG_A$70$8BIO$911806$aORPH$bORPH$cKTS1_P$d2020-07-08$eKoopman$i19C29$oBIO PERG a$p20127901$r2021-01-12 00:00:00$w2021-01-12$yBOO$OKoopman
=999  \\$c11823$d11823

