=LDR  02766cam a2200277 a 4500
=001  11824
=005  20250120120619.0
=008  960329s1995\\\\it\ag\\\\b\\\\101\0dita\\
=020  \\$a8870961257 :$cL120000.
=040  \\$aOI
=041  0\$aita
=245  00$aMarc'Antonio Ingegneri e la musica a Cremona nel secondo Cinquecento.$bAtti della giornata di studi (Cremona, 27 novembre 1992)
=260  \\$aLucca$bLibreria Musicale Italiana$c1995
=300  \\$axvi-469 pages$btables, music$c27 cm
=490  \\$aStudi e testi musicali, Nuova serie$v8
=504  \\$aIncludes bibliographical references and indexes.
=505  0\$gIntroduzione / Claudio Gallico -- Marc'Antonio Ingegneri : new biographical information / Laurie Paget -- Ricorrenze motiviche nelle produzione musicale sacra di area cremonense fra Cinque e Seicento / Paola Besutti -- Ingegneri didatta : alcune ipotesi per una ricerca / Antonio Delfino -- Marc'Antonio Ingegneri nei documenti della cattedrale di Cremona / Oscar Mischiati -- Strutture compositive nel Primo e nel Secondo libro di Messe di Marc'Antonio Ingegneri / Rodobaldo Tibaldi -- I responsori : considerazioni storico-stilistiche e di prassi esecutiva / Licia Mari -- Marc'Antonio Ingegneri : un compositore tra due mondi / Iain Fenlon -- Le due "Arie di canzon francese per sonar" : riflessioni sulle affinità melodiche e tecnico-compositive in alcune composizioni vocali e strumentali di Marc'Antonio Ingegneri / Marina Toffetti -- Su alcuni aspetti del contrappunto dissonante nella produzione profana di Marc'Antonio Ingegneri : un approccio stilistico / Daniele Sabaino -- Osservazioni sulle ultime raccolte madrigalistiche de Marc'Antonio Ingegneri / Gloria Joriini -- Poesia e musica nei madrigali di Marc'Antonio Ingegneri : l'ottava "Dolorosi martir" / Marco Mangani -- I testimoni a stampa e le edizioni moderne di Marc'Antonio Ingegneri : primo catalogo / Maria Teresa Rosa Barezzani -- La trasmissione manoscritta delle opere di Ingegneri e i falsi bordoni castrensi / Gabriele Bonomo -- Incipitario dei testi messi in musica da Marc'Antonio Ingegneri / Antonio Delfino, Marco Mangani
=600  \0$aIngegneri, Marc Antonio$d1535/36-1592$1http://www.wikidata.org/entity/Q1995396$914617
=648  \0$a16th Century (1501-1600)$1http://www.wikidata.org/entity/Q7017$920944
=650  \0$aMusic history$1http://www.wikidata.org/entity/Q846047$921373
=651  \0$aCremona (Italy)$1http://www.wikidata.org/entity/Q6231$924914
=700  \\$aDelfino, Antonio$d-1958$4edt$914618
=700  \\$aRosa Barezzani, Maria Teresa$4edt$914619
=942  \\$cBOO
=952  \\$00$10$2ddc$40$6BIO_INGE_E$70$8BIO$911807$aORPH$bORPH$cKTS1_P$d2020-07-08$eKoopman$i19D01$l0$oBIO INGE e$p20127872$r2021-01-12 00:00:00$w2021-01-12$yBOO$OKoopman
=999  \\$d11824

