=LDR  01796aam a2200313   4500
=001  11826
=005  20250922123207.0
=008  250903s1988\\\\|||a||||\||||\00|\0deng\d
=020  \\$a9780862995089
=041  \\$aeng
=100  \\$aHunt, Simon$4edt$941308
=245  \\$aBath History$nVolume II
=260  \\$aGloucester$bSutton$c1988
=300  \\$a180 pages
=505  \\$gBeckford in Bath / P. Bishop -- Bath Abbey / P. Davenport -- Chair Transport in Bath: The Sedan Era / T. Fawcett -- Dance and Teachers of Dance in Eighteenth Century Bath / T. Fawcett -- The Earliest Bath Guildhall / E. Holland -- The Cross Bath / J. Manco -- Bath Cases: Care and Treatment of Patients at the Bath General Hospital during the mid Eighteenth Century / R. Rolls
=600  \0$aBeckford, William$cthe Younger$d1760-1844$1http://www.wikidata.org/entity/Q361026$941118
=648  \0$a18th Century (1701-1800)$1http://www.wikidata.org/entity/Q7015$920899
=650  \0$aWriter$1http://www.wikidata.org/entity/Q36180$93885
=650  \0$aMonastery$1http://www.wikidata.org/entity/Q44613$926216
=650  \0$aHistory of dance$1http://www.wikidata.org/entity/Q27730$939407
=650  \0$aCultural history$1http://www.wikidata.org/entity/Q858517$922395
=650  \0$aEducation$1http://www.wikidata.org/entity/Q8434$926206
=650  \0$aSpa$1http://www.wikidata.org/entity/Q1341387$941310
=650  \0$aMedicine$1http://www.wikidata.org/entity/Q11190$921959
=650  \0$aPublic transport$1http://www.wikidata.org/entity/Q178512$941309
=651  \0$aBath (United Kingdom)$1http://www.wikidata.org/entity/Q22889$941119
=942  \\$cBOO
=952  \\$00$10$2ddc$40$6TOP_GB_BAT$70$8TOP$911809$aORPH$bORPH$cKTS0$d2020-07-08$eKoopman$i19D11$l0$oTOP GB.BAT$p20127862$r2021-01-12 00:00:00$w2021-01-12$yBOO$OKoopman
=999  \\$d11826

