=LDR  01174nam a2200241 a 4500
=001  11827
=005  20250120120218.0
=008  970912s1996\\\\ne\ab\\\\b\\\\000\0\dut\\
=020  \\$a9068251740
=040  \\$aOI
=245  00$aVondsten in Veere:$bmiddeleeuwse voorwerpen uit een beerput van huis 'In den Struys'
=260  \\$aAbcoude$bUniepers$aAmersfoort$bRijksdienst voor het Oudheidkundig Bodemonderzoek$aMiddelburg$bProvinciaal Depot voor Bodemvondsten$c1996
=300  \\$a111 pages$bill. (some col.), maps$c25 cm
=504  \\$aIncludes bibliographical references (p. 108-111).
=648  \0$aMiddle Ages (500-1400)$1http://www.wikidata.org/entity/Q12554$920964
=650  \0$aArcheology$1http://www.wikidata.org/entity/Q23498$94082
=650  \0$aApplied arts$1http://www.wikidata.org/entity/Q2865882$921627
=651  \0$aVeere (Netherlands)$1http://www.wikidata.org/entity/Q10083$9198
=700  \\$aVreenegoor, Ellen$4edt$914622
=700  \\$aKuipers, Jan$4edt$914623
=942  \\$cBOO
=952  \\$00$10$2ddc$40$6TOP_NL_VEE_3_000000000000000$70$8TOP$911810$aORPH$bORPH$cKTS0$d2020-07-08$eKoopman$i19D16$oTOP NL.VEE 3$p20127857$r2021-01-12 00:00:00$w2021-01-12$yBOO
=999  \\$d11827

