=LDR  01104cam a2200277   4500
=001  11829
=005  20250121142128.0
=008  740502s1973\\\\enka\\\\\b\\\\001\0\eng\\
=020  \\$a0193163071
=040  \\$aOI
=041  \\$aeng
=245  14$aThe Age of Enlightenment, 1745-1790
=260  \\$aLondon$aNew York$bOxford University Press$c1973
=300  \\$axx, 724 p.$billus.$c26 cm.
=350  \\$a$27.50 (U.S.)
=490  \\$aThe New Oxford History of Music$v7
=504  \\$aBibliography: p. [637]-691.
=648  \0$a18th Century (1701-1800)$1http://www.wikidata.org/entity/Q7015$920899
=650  \0$aMusic history$1http://www.wikidata.org/entity/Q846047$921373
=650  \0$aEnlightenment$1http://www.wikidata.org/entity/Q12539$94532
=651  \0$aEurope$1http://www.wikidata.org/entity/Q46$991
=700  \\$aWellesz, Egon$d1885-1974$4edt$915443
=700  \\$aSternfeld, Frederick W.$d1914-1994$4edt$915003
=942  \\$cBOO
=952  \\$00$10$2ddc$40$6GHM_0_000000000000000$70$8GHM$911812$aORPH$bORPH$cKM12_1$d2020-07-08$eKoopman$i19E27$oGHM0$p20125286$r2021-01-12 00:00:00$w2021-01-12$yBOO
=999  \\$d11829

