=LDR  00765nam a2200205 a 4500
=001  11831
=005  20250120115950.0
=008  951208s1995\\\\ne\a\\\\\b\\\\000\0\dut\\
=020  \\$a902541284X
=040  \\$aOI
=245  00$aPeter Vos :$btekenaar /$cRinus Ferdinandusse ... [et al.].
=260  \\$aAmsterdam :$bL.J. Veen,$cc1995.
=300  \\$a239 p. :$bchiefly ill. (some col.) ;$c23 cm.
=504  \\$aIncludes bibliographical references (p. 237-239).
=600  \0$aVos, Peter A.$914627
=600  \0$aVos, Peter A.$914627
=700  \\$aFerdinandusse, Rinus$914628
=942  \\$cBOO
=952  \\$00$10$2ddc$40$6BIO_VOS2_A$70$8BIO$911814$aORPH$bORPH$cKTS1_P$d2020-07-08$eKoopman$i19F01$l0$oBIO VOS2 a$p20125269$r2021-01-12 00:00:00$w2021-01-12$yBOO$OKoopman
=999  \\$c11831$d11831

