=LDR  01142nam a2200265 a 4500
=001  11832
=005  20250120115944.0
=008  880404s1986\\\\ne\a\\\\\b\\\\010\0\dut\\
=020  \\$a9067071218 :$cfl 49.50
=040  \\$aOI
=041  \\$adut
=100  \\$4dte$aVeenstra, Fokke$d-1906$914629
=245  00$aEer is het lof des deuchts:$bopstellen over renaissance en classicisme aangeboden aan dr. Fokke Veenstra
=260  \\$aAmsterdam$bBataafsche Leeuw$c1986
=300  \\$a317 pages$billustrations$c25 cm
=504  \\$a"Bibliografie van het werk van dr. F. Veenstra": p. 308-309.
=648  \0$aRenaissance (1400-1600)$1http://www.wikidata.org/entity/Q4692$920965
=650  \0$aFine art$1http://www.wikidata.org/entity/Q219625$921579
=651  \0$aNetherlands$1http://www.wikidata.org/entity/Q55$9173
=700  \\$aDuits, H.$4edt$914160
=700  \\$aGelderblom, Arie-Jan$4edt$913115
=700  \\$aSmits-Veldt, Mieke B.$4edt$914121
=942  \\$cBOO
=952  \\$00$10$2ddc$40$6TOP_NL_4_000000000000000$70$8TOP$911815$aORPH$bORPH$cKTS0$d2020-07-08$eKoopman$i19F06$l0$oTOP NL 4$p20125265$r2021-01-12 00:00:00$w2021-01-12$yBOO$OKoopman
=999  \\$d11832

