=LDR  01415cam a2200301 a 4500
=001  11833
=005  20250205110319.0
=008  900215s1989\\\\gw\abch\\bk\\\001\0bger\\
=020  \\$a3485005894
=040  \\$aOI
=041  \\$ager
=100  \\$aGärtner, Heinz$d1922-2019$4edt$914630
=245  10$aJohann Christian Bach.$bMozarts Freund und Lehrmeister
=260  \\$aMunich$bNymphenburger$c1989
=300  \\$a488 pages$billustrations, map, portraits, facsimiles$c24 cm
=504  \\$aIncludes discography (p. 471-473).
=504  \\$aIncludes bibliographical references (p. 468-470).
=600  \0$aBach, Johann Christian$d1735-1782$1http://www.wikidata.org/entity/Q106641$914631
=600  \0$aMozart, Wolfgang Amadeus$d1756-1791$1http://www.wikidata.org/entity/Q254$95341
=648  \0$a18th Century (1701-1800)$1http://www.wikidata.org/entity/Q7015$920899
=650  \0$aComposer$1http://www.wikidata.org/entity/Q36834$93625
=650  \0$aBiography$1http://www.wikidata.org/entity/Q36279$91927
=650  \0$aInfluence$1http://www.wikidata.org/entity/Q1307337$922289
=650  \0$aMusic education$1http://www.wikidata.org/entity/Q27908$921766
=651  \0$aLondon (United Kingdom)$1http://www.wikidata.org/entity/Q84$9123
=942  \\$cBOO
=952  \\$00$10$2ddc$40$6BIO_BACH3_D$70$8BIO$911816$aORPH$bORPH$cKTS1_P$d2020-07-08$eKoopman$i19F10$oBIO BACH3 d$p20125261$r2021-01-12 00:00:00$w2021-01-12$yBOO
=999  \\$d11833

