=LDR  01132nam a2200265 a 4500
=001  11838
=005  20250618171927.0
=008  940303s1993\\\\ne\\\\\\r\\\\\000\0\eng\d
=020  \\$a9066304405
=040  \\$aOI
=041  \\$aeng
=245  00$aDawn of the Golden Age:$bNorthern Netherlandish art 1580-1620
=260  \\$aZwolle$bWaanders$c1993
=300  \\$a717 pages$billustrations
=500  \\$aExhibition. Rijksmuseum Amsterdam, 11 December 1993 - 6 March 1994
=518  \\$oTentoonstelling$d11/12/1993-...$pAmsterdam. Rijksmuseum
=648  \0$a16th Century (1501-1600)$1http://www.wikidata.org/entity/Q7017$920944
=648  \0$a17th Century (1601-1700)$1http://www.wikidata.org/entity/Q7016$920923
=650  \0$aFine art$1http://www.wikidata.org/entity/Q219625$921579
=651  \0$aNetherlands$1http://www.wikidata.org/entity/Q55$9173
=700  \\$aLuijten, Ger$d1956-$4edt$923523
=700  \\$aSuchtelen, Ariane van$4edt$914305
=942  \\$cBOO
=952  \\$00$10$2ddc$40$6TOP_NL_4_000000000000000$70$8TOP$911821$aORPH$bORPH$cKTS0$d2020-07-08$eKoopman$i19G02$oTOP NL 4$p20125214$r2021-01-12 00:00:00$w2021-01-12$yBOO
=999  \\$d11838

