=LDR  01271cam a2200241 a 4500
=001  11840
=005  20250120115950.0
=008  870528s1985\\\\ne\a\\\\\bc\\\000\0\dut\\
=020  \\$a9069180073
=040  \\$aOI
=100  \\$aGheyn, Jacob II de$d1565-1629$1http://www.wikidata.org/entity/Q1347434$914633
=245  00$aJacques de Gheyn II, 1565-1629, als tekenaar :$b[tentoonstelling] Museum Boymans-Van Beuningen, Rotterdam, 14 december 1985 tot 10 februari 1986, National Gallery of Art, Washington, 9 maart to 12 mei 1986 /$c[catalogus redactie, A.W.F.M. Meij ; teksten A.W.F.M. Meij, J.A. Poot].
=260  \\$aRotterdam :$bHet Museum,$cc1985.
=300  \\$a195 p. :$bill. ;$c30 cm.
=504  \\$aBibliography: p. 96-100.
=600  \0$aGheyn, Jacob II de$d1565-1629$1http://www.wikidata.org/entity/Q1347434$914633
=700  \\$aMeij, A. W. F. M.$914635
=700  \\$aPoot, J. A.$914636
=710  \\$aMuseum Boijmans Van Beuningen (Rotterdam, Netherlands)$91676
=710  \\$aNational Gallery of Art (Washington, DC, USA)$1http://www.wikidata.org/entity/Q214867$91265
=942  \\$cBOO
=952  \\$00$10$2ddc$40$6BIO_GHEY_A$70$8BIO$911823$aORPH$bORPH$cKTS1_P$d2020-07-08$eKoopman$i19G18$oBIO GHEY a$p20125199$r2021-01-12 00:00:00$w2021-01-12$yBOO$OKoopman
=999  \\$c11840$d11840

