=LDR  01020aam a2200193   4500
=001  11841
=008  250619s1987\\\\|||a||||\||||\00|\0ddut\d
=041  \\$adut
=245  \\$aNieuw licht op de Gouden Eeuw:$bHendrick ter Brugghen en tijdgenoten
=260  \\$aUtrecht$bCentraal Museum Utrecht$aBraunschweig$bHerzog Anton Ulrich-Museum$c1987
=600  \0$aBrugghen, Hendrick ter$d1588?-1629$1http://www.wikidata.org/entity/Q437233$924757
=648  \0$a17th Century (1601-1700)$1http://www.wikidata.org/entity/Q7016$920923
=650  \0$aFine art$1http://www.wikidata.org/entity/Q219625$921579
=651  \0$aNetherlands$1http://www.wikidata.org/entity/Q55$1http://www.wikidata.org/entity/Q29999$9173
=700  \\$aBlankert, Albert$1http://www.wikidata.org/entity/Q31201554$4aut$99651
=700  \\$aSlatkes, L. J.$4aut$940424
=942  \\$cBOO
=952  \\$00$10$2ddc$40$6TOP_NL_5_000000000000000$70$8TOP$911824$aORPH$bORPH$cKTS0$d2020-07-08$eKoopman$i19G19$l0$oTOP NL 5$p20125198$r2021-01-12 00:00:00$w2021-01-12$yBOO$OKoopman
=999  \\$d11841

