=LDR  00853aam a2200181   4500
=001  11844
=008  240303s1974\\\\|||a||||\c|||\00|\0bdut\d
=041  \\$adut
=245  \\$aGerard Ter Borch$bZwolle 1617-Deventer 1681
=260  \\$aThe Hague$bMauritshuis$c1974
=600  \0$aBorch, Gerard ter$d1617-1681$1http://www.wikidata.org/entity/Q346808$927136
=648  \0$a17th Century (1601-1700)$1http://www.wikidata.org/entity/Q7016$920923
=650  \0$aFine art$1http://www.wikidata.org/entity/Q219625$921579
=651  \0$aZwolle (Netherlands)$1http://www.wikidata.org/entity/Q793$985
=651  \0$aDeventer (Netherlands)$1http://www.wikidata.org/entity/Q10001$9105
=942  \\$cBOO
=952  \\$00$10$2ddc$40$6BIO_TERB1_C$70$8BIO$911827$aORPH$bORPH$cKTS1_P$d2020-07-08$eKoopman$i19G31$l0$oBIO TERB1 c$p20125187$r2021-01-12 00:00:00$w2021-01-12$yBOO$OKoopman
=999  \\$d11844

