=LDR  00613aam a2200157   4500
=001  11845
=005  20251003085458.0
=008  231201s1985\\\\||||||||\c|||\00|\0\eng\d
=041  \\$aeng
=245  \\$aOld Master Prints and Drawings$nCatalogue 20
=260  \\$aVoorschoten$bLaurentius$c1985
=650  \0$aFine art$1http://www.wikidata.org/entity/Q219625$921579
=650  \0$aCatalogue$1http://www.wikidata.org/entity/Q2352616$921484
=942  \\$cBOO
=952  \\$00$10$2ddc$40$6VIS_LAUR$70$8VIS$911828$aORPH$bORPH$cKTS1_H$d2020-07-08$eKoopman$i19G32$l0$oVIS LAUR$p20125186$r2021-01-12 00:00:00$w2021-01-12$yBOO$OKoopman
=999  \\$d11845

