=LDR  01045cam a2200253 a 4500
=001  11846
=005  20250919115245.0
=008  910114s1990\\\\it\a\\\\\bc\\\001\0\ita\\
=020  \\$a8843531735
=040  \\$aOI
=100  \\$aBeccafumi, Domenico,$d1486-1551.$914639
=245  10$aDomenico Beccafumi e il suo tempo.
=260  \\$aMilan$bElecta,$cc1990.
=300  \\$a732 p. :$bill. (some col.) ;$c28 cm.
=504  \\$aIncludes bibliographical references (p. 716-730) and index.
=600  \0$aBeccafumi, Domenico,$d1486-1551.$914639
=650  \0$aFine art$1http://www.wikidata.org/entity/Q219625$921579
=650  \0$aFine art$1http://www.wikidata.org/entity/Q219625$921579
=710  \\$aChiesa di Sant'Agostino (Siena, Italy)$91630
=710  \\$aPinacoteca nazionale di Siena (Italy)$91631
=942  \\$cBOO
=952  \\$00$10$2ddc$40$6BIO_BECC1_C$70$8BIO$911829$aORPH$bORPH$cKTS1_P$d2020-07-08$eKoopman$i19G37$oBIO BECC1 c$p20125180$r2021-01-12 00:00:00$w2021-01-12$yBOO
=999  \\$c11846$d11846
=651  \0$aItaly$1http://www.wikidata.org/entity/Q38$922

