=LDR  00675aam a2200145   4500
=001  11849
=008  240512b\\\\\\\\||||||||\||||\00|\0\mul\d
=245  \\$aReader Muziekgeschiedenis 1600-1800
=260  \\$aUtrecht$bInstituut voor Muziekwetenschap$cs.d.
=648  \0$a17th Century (1601-1700)$1http://www.wikidata.org/entity/Q7016$920923
=648  \0$a18th Century (1701-1800)$1http://www.wikidata.org/entity/Q7015$920899
=650  \0$aMusic history$1http://www.wikidata.org/entity/Q846047$921373
=942  \\$cBOO
=952  \\$00$10$2ddc$40$6GHM_0_000000000000000$70$8GHM$911832$aORPH$bORPH$cKM12_1$d2020-07-08$eKoopman$i20A05$l0$oGHM0$p20128048$r2021-01-12 00:00:00$w2021-01-12$yBOO
=999  \\$d11849

