=LDR  01094cam a2200241 a 4500
=001  11851
=005  20250120115949.0
=008  910905s1990\\\\ne\a\\\\\bc\\\001\0\dut\\
=020  \\$a9066302437
=020  \\$a9066302526 (pbk.)
=040  \\$aOI
=041  \\$adut
=100  \\$aBroos, Ben$4edt$99914
=245  00$aHollandse meesters uit Amerika. $bMauritshuis, Den Haag, 28 september 1990-13 januari 1991, The Fine Arts Museum of San Francisco, 16 februari 1991-5 mei 1991
=260  \\$aThe Hague$bMauritshuis$aZwolle$bWaanders$c1990
=300  \\$a561 pages$billustrations (some color)$c29 cm
=504  \\$aIncludes bibliographical references (p. 499-541) and index.
=648  \0$a17th Century (1601-1700)$1http://www.wikidata.org/entity/Q7016$920923
=650  \0$aFine art$1http://www.wikidata.org/entity/Q219625$921579
=651  \0$aNetherlands$1http://www.wikidata.org/entity/Q55$9173
=942  \\$cBOO
=952  \\$00$10$2ddc$40$6TOP_NL_5_000000000000000$70$8TOP$911834$aORPH$bORPH$cKTS0$d2020-07-08$eKoopman$i20A10$l0$oTOP NL 5$p20128050$r2021-01-12 00:00:00$w2021-01-12$yBOO$OKoopman
=999  \\$d11851

