=LDR  01946aam a2200313   4500
=001  11853
=005  20251003085458.0
=008  250513s1938\\\\|||a||||\||||\00|\0\dut\d
=041  \\$adut
=110  \\$aMuseum Boijmans Van Beuningen (Rotterdam, Netherlands)$1http://www.wikidata.org/entity/Q18770525$4edt$91676
=245  \\$aMeesterwerken uit vier eeuwen 1400-1800:$bBoeren-Bruegel Rembrandt Vermeer Rubens Watteau Duerer Titiaan. 25 juni - 15 oct. 1938
=260  \\$aRotterdam$bMuseum Boijmans$c1938
=600  \0$aDürer, Albrecht$d1471-1528$1http://www.wikidata.org/entity/Q5580$915684
=600  \0$aTitian$dc. 1488-1576$1http://www.wikidata.org/entity/Q47551$910983
=600  \0$aRubens, Peter Paul$d1577-1640$1http://www.wikidata.org/entity/Q5599$914413
=600  \0$aRembrandt$d1606-1669$1http://www.wikidata.org/entity/Q5598$914481
=600  \0$aBruegel, Pieter$dc. 1625-1669$1http://www.wikidata.org/entity/Q43270$924257
=600  \0$aVermeer, Johannes$d1632-1675$1http://www.wikidata.org/entity/Q41264$99652
=600  \0$aWatteau, Antoine$d1684-1721$1http://www.wikidata.org/entity/Q183221$913747
=610  \0$aMuseum Boijmans Van Beuningen (Rotterdam, Netherlands)$1http://www.wikidata.org/entity/Q18770525$91676
=648  \0$a15th Century (1401-1500)$1http://www.wikidata.org/entity/Q7018$921015
=648  \0$a16th Century (1501-1600)$1http://www.wikidata.org/entity/Q7017$920944
=648  \0$a17th Century (1601-1700)$1http://www.wikidata.org/entity/Q7016$920923
=648  \0$a18th Century (1701-1800)$1http://www.wikidata.org/entity/Q7015$920899
=650  \0$aFine art$1http://www.wikidata.org/entity/Q219625$921579
=650  \0$aCatalogue$1http://www.wikidata.org/entity/Q2352616$1http://www.wikidata.org/entity/Q6941730$921484
=942  \\$cBOO
=952  \\$00$10$2ddc$40$6VIS_HANN$70$8VIS$911836$aORPH$bORPH$cKTS1_H$d2020-07-08$eKoopman$i20A16$l0$oVIS HANN$p20128041$r2021-01-12 00:00:00$w2021-01-12$yBOO$OKoopman
=999  \\$d11853

