=LDR  01059aam a2200205   4500
=001  11854
=005  20251003085459.0
=008  250129s1977\\\\||||||||\c|||\00|\0\dut\d
=041  \\$adut
=245  \\$aKabinet van tekeningen:$b16e en 17e eeuwse Hollandse en Vlaamse tekeningen uit een Amsterdamse verzameling
=260  \\$aRotterdam$bMuseum Boymans-van Beuningen$c1977
=648  \0$a16th Century (1501-1600)$1http://www.wikidata.org/entity/Q7017$920944
=648  \0$a17th Century (1601-1700)$1http://www.wikidata.org/entity/Q7016$920923
=650  \0$aFine art$1http://www.wikidata.org/entity/Q219625$921579
=650  \0$aCatalogue$1http://www.wikidata.org/entity/Q2352616$1http://www.wikidata.org/entity/Q6941730$921484
=650  \0$aCollecting$1http://www.wikidata.org/entity/Q208165$92117
=651  \0$aAmsterdam (Netherlands)$1http://www.wikidata.org/entity/Q727$9135
=942  \\$cBOO
=952  \\$00$10$2ddc$40$6VIS_BOYM$70$8VIS$911837$aORPH$bORPH$cKTS1_H$d2020-07-08$eKoopman$i20A17$l0$oVIS BOYM$p20128040$r2021-01-12 00:00:00$w2021-01-12$yBOO$OKoopman
=999  \\$d11854

