=LDR  01221cam a2200277 a 4500
=001  11855
=005  20251003085459.0
=008  870302s1987\\\\enka\\\\\cb\\\001\0\eng\\
=020  \\$a0714824410 :$c£29.95
=040  \\$aOI
=041  1\$aeng$hrus
=100  \\$aNikulin, Nikolaï$4win$4ann$914642
=245  10$aNetherlandish Paintings in Soviet Museums
=246  \1$aNiderlandskai︠a︡ zhivopisʹ XV-XVI vekov v muzei︠a︡kh Sovetskogo Soi︠u︡za
=260  \\$aOxford$bPhaidon$aLeningrad$bAurora Art Publishers$c1987
=300  \\$a358 pages$bill. (some col.) ;$c35 cm.
=504  \\$aBibliography: p. 355-358.
=590  \\$aCompiled, introduced, and annotated by Nikolai Nikulin ; translated by Ashkhen Mikoyan
=650  \0$aFine art$1http://www.wikidata.org/entity/Q219625$921579
=650  \0$aCatalogue$1http://www.wikidata.org/entity/Q2352616$921484
=651  \0$aNetherlands$1http://www.wikidata.org/entity/Q55$9173
=651  \0$aFlanders (Belgium)$1http://www.wikidata.org/entity/Q234$989
=700  \\$4trl$aMikoyan, Ashken$922585
=942  \\$cBOO
=952  \\$00$10$2ddc$40$6TOP_NL$70$8TOP$911838$aORPH$bORPH$cKTS0$d2020-07-08$eKoopman$i20A18$oTOP NL$p20128039$r2021-01-12 00:00:00$w2021-01-12$yBOO
=999  \\$d11855

