=LDR  00918cam a2200205 a 4500
=001  11856
=005  20250120115950.0
=008  900626s1990\\\\it\a\\\\\bc\\\000\0\ita\\
=020  \\$a8878132691
=040  \\$aOI
=245  00$aRubens, Pietro Paolo Rubens (1577-1640) /$ccatalogo a cura di Didier Bodart ; testi di Didier Bodart ... [et al.].
=260  \\$aRome$bDe Luca edizioni d'arte,$c1990.
=300  \\$a319 p. :$bill. (some col.) ;$c30 cm.
=504  \\$aIncludes bibliographical references (p. 291-319).
=600  \0$aRubens, Peter Paul$d1577-1640$1http://www.wikidata.org/entity/Q5599$914413
=700  \\$aRubens, Peter Paul$d1577-1640$1http://www.wikidata.org/entity/Q5599$914413
=700  \\$aBodart, Didier$914644
=942  \\$cBOO
=952  \\$00$10$2ddc$40$6BIO_RUBE_C$70$8BIO$911839$aORPH$bORPH$cKTS1_P$d2020-07-08$eKoopman$i20A19$oBIO RUBE c$p20128038$r2021-01-12 00:00:00$w2021-01-12$yBOO$OKoopman
=999  \\$c11856$d11856

