=LDR  01198cam a2200313 a 4500
=001  11857
=005  20250120120140.0
=008  981007s1998\\\\it\a\\\\\b\\\\000\0\ita\d
=010  \\$a   00333704 
=020  \\$a8882000176
=035  \\$a(OCoLC)ocm40055868
=035  \\$a(III)iiio31330162
=040  \\$aEYM$cEYM$dWAU$dC3L$dDLC
=042  \\$alccopycat
=043  \\$ae-it---
=045  \\$at0u9
=100  \\$4aut$aBellini, Marcello$914645
=245  00$aCappelle del Rinascimento a Firenze
=260  \\$aFlorence$bBecocci$c1998
=300  \\$a127 p. :$bill. ;$c28 cm.
=504  \\$aIncludes bibliographical references.
=648  \0$aRenaissance (1400-1600)$1http://www.wikidata.org/entity/Q4692$920965
=650  \0$aArchitecture$1http://www.wikidata.org/entity/Q12271$93185
=650  \0$aFine art$1http://www.wikidata.org/entity/Q219625$921579
=650  \0$aCatholicism$1http://www.wikidata.org/entity/Q1841$921631
=651  \0$aFlorence (Italy)$1http://www.wikidata.org/entity/Q2044$9248
=942  \\$cBOO
=952  \\$00$10$2ddc$40$6TOP_IT_FLO_4_000000000000000$70$8TOP$911840$aORPH$bORPH$cKTS0$d2020-07-08$eKoopman$i20A26$oTOP IT.FLO 4$p20128030$r2021-01-12 00:00:00$w2021-01-12$yBOO
=999  \\$d11857

