=LDR  00635aam a2200157   4500
=001  11859
=008  240208s1997\\\\||||||||\||||\00|\0\ita\d
=041  \\$aita
=245  \\$aFrancesco Tasini all'organo di Claudio Merulo
=260  \\$aBologna$bErmitage$c1997
=490  \\$aGli Eventi di Symphonia$v3
=600  \0$aMerulo, Claudio$d1533-1604$1http://www.wikidata.org/entity/Q380517$97220
=650  \0$aOrgan$1http://www.wikidata.org/entity/Q1444$92810
=942  \\$cBOO
=952  \\$00$10$2ddc$40$6BIO_TASI_F$70$8BIO$911842$aORPH$bORPH$cKTS1_P$d2020-07-08$eKoopman$i20A34$l0$oBIO TASI f$p20128024$r2021-01-12 00:00:00$w2021-01-12$yPER$OKoopman
=999  \\$d11859

