=LDR  00333    a2200097   4500
=001  11860
=245  \\$aCaravaggio da Malta a Firenze
=260  \\$c1996
=942  \\$cBOO
=952  \\$00$10$2ddc$40$6BIO_CARA_E$70$8BIO$911843$aORPH$bORPH$cKTS1_P$d2020-07-08$eKoopman$i20A35$oBIO CARA e$p20128023$r2021-01-12 00:00:00$w2021-01-12$yBOO$OKoopman
=999  \\$c11860$d11860

