=LDR  00801aam a2200169   4500
=001  11861
=008  250618s1936\\\\||||||||\||||\00|\0\dut\d
=041  \\$adut
=245  \\$aNederlandsch muziekleven 1600-1800
=260  \\$aThe Hague$bGemeentemuseum$c1936
=648  \0$a17th Century (1601-1700)$1http://www.wikidata.org/entity/Q7016$920923
=648  \0$a18th Century (1701-1800)$1http://www.wikidata.org/entity/Q7015$920899
=650  \0$aMusic history$1http://www.wikidata.org/entity/Q846047$921373
=651  \0$aNetherlands$1http://www.wikidata.org/entity/Q55$1http://www.wikidata.org/entity/Q29999$9173
=942  \\$cBOO
=952  \\$00$10$2ddc$40$6TOP_NL_5_000000000000000$70$8TOP$911844$aORPH$bORPH$cKTS0$d2020-07-08$eKoopman$i20B28$l0$oTOP NL 5$p20127976$r2021-01-12 00:00:00$w2021-01-12$yBOO$OKoopman
=999  \\$d11861

