=LDR  01769aam a2200277   4500
=001  11871
=008  250603s1989\\\\|||p||||\||||\001\p\fre\d
=041  \\$afre
=100  \\$aRaunié, Emile$1http://www.wikidata.org/entity/Q3588710$4edt$916467
=245  \\$aSatires en Vers. Musiciens et Danseurs du XVIIIème siècle
=246  \1$aChansonnier Historique du XVIIIe Siècle$bPublié avec Introduction, Commentaire, Notes et Index
=260  \\$c1989$aBéziers$bSociété de musicologie de Languedoc
=300  \\$a[iv]-156-[8] pages
=500  \\$afacsimile of fragments of the 19th century literary magazine "Chansonnier Historique du XVIIIe Siècle", concerning the years 1716 to 1785 that contain "toutes les pièces faisant référence au monde de la musique et de l'Opéra, chant et danse"
=534  \\$aRecueil Clairambault-Maurepas. Chansonnier Historique du XVIIIe Siècle. Publié avec Introduction, Commentaire, Notes et Index par Émile Raunié$cParis: Quantin, 1879-1884
=648  \0$a18th Century (1701-1800)$1http://www.wikidata.org/entity/Q7015$920899
=648  \0$a19th Century (1801-1900)$1http://www.wikidata.org/entity/Q6955$920935
=650  \0$aPoetry$1http://www.wikidata.org/entity/Q482$93026
=650  \0$aFrench$1http://www.wikidata.org/entity/Q150$923117
=650  \0$aOpera$1http://www.wikidata.org/entity/Q1344 $92468
=650  \0$aHistory of dance$1http://www.wikidata.org/entity/Q27730$939407
=650  \0$aMusic history$1http://www.wikidata.org/entity/Q846047$921373
=651  \0$aFrance$1http://www.wikidata.org/entity/Q142$9131
=942  \\$cBOO
=952  \\$00$10$2ddc$40$6TOP_FR_5_000000000000000$70$8TOP$911854$aORPH$bORPH$cKTS0$d2020-07-08$eKoopman$i20D34$l0$oTOP FR 5$p20125355$r2021-01-12 00:00:00$w2021-01-12$yBOO$OKoopman
=999  \\$d11871

