=LDR  01659    a2200337   4500
=001  11872
=008  211222s1965\\\\\\\|||||\||||\00|\0\dut\d
=041  \\$adut
=245  \\$aDe Barok
=260  \\$aThe Hague$bServire$c1965
=300  \\$a113 pages
=500  \\$aLectures held in 1964-65
=505  \\$aEuropees cultuurleven in de periode van de barok -- De barokstijl in de bouwkunst -- Barokke toneelkunst -- Aspecten van de Barok in de muziek -- Vondel als barokdichter -- De literaire stijl van de Barok
=600  \0$aVondel, Joost van den$d1587-1679$1http://www.wikidata.org/entity/Q312673$95247
=648  \0$a17th Century (1601-1700)$1http://www.wikidata.org/entity/Q7016$920923
=648  \0$a18th Century (1701-1800)$1http://www.wikidata.org/entity/Q7015$920899
=650  \0$aBaroque$1http://www.wikidata.org/entity/Q37853$921255
=650  \0$aArchitecture$1http://www.wikidata.org/entity/Q12271$93185
=650  \0$aMusic history$1http://www.wikidata.org/entity/Q846047$921373
=650  \0$aCuckoo$1http://www.wikidata.org/entity/Q18845$922474
=650  \0$aLiterature$1http://www.wikidata.org/entity/Q8242$94439
=651  \0$aEurope$1http://www.wikidata.org/entity/Q46$991
=700  \\$4ctb$aGelder, H. A. Enno van$911061
=700  \\$4ctb$aLunsingh Scheurleer, Th. H.$912500
=700  \\$4ctb$aLeeuwe, H. H. J. de$923314
=700  \\$4ctb$aNoske, Frits$d1920-1993$913020
=700  \\$4ctb$aAsselberghs, W.$923315
=700  \\$4ctb$aKerkhoff, E. L.$923316
=942  \\$cBOO
=952  \\$00$10$2ddc$40$6HUM_GELD$70$8HUM$911855$aORPH$bORPH$cKM12_1$d2020-07-08$eKoopman$i20D51$oHUM GELD$p20125346$r2021-01-12 00:00:00$w2021-01-12$yBOO
=999  \\$d11872

