=LDR  02536cam a2200397 a 4500
=001  11873
=005  20251022131709.0
=008  870107m19869999gw\ag\\\\b\\\\000\0\ger\\
=020  \\$a3764922796 (v. I)$cDM74.00
=040  \\$aOI
=041  \\$ager
=245  00$aMusik in bayerischen Klöstern:$bBeiträge zur Musikpflege der Benediktiner und Franziskaner$n1
=260  \\$aRegensburg$bBosse$c1986
=300  \\$billustrations, music$c25 cm
=490  1\$aSchriftenreihe der Hochschule für Musik in München$v5
=504  \\$aIncludes bibliographies
=505  \\$gDie Musikpflege der bayerischen Franziskaner von der Gründung der Provinz bis zur Säkularisation (1625-1802) / H. Herrmann -- P. Johannes Werlin aus Seeon- Satztechnische Untersuchungen an vierzeiligen Liedern / D. Hoffmann -- Thematisches Verzeichnis der erhaltenen Kompositionen von P. Nonnosus Madlseder (1730-1797) aus der Abtei Andechs / R. Münster -- Die Musikpflege der Benediktinerabtei Oberaltaich / G. Huber -- P. Gallus Zeiler- Ein Komponist am Kloster St. Mang in Füssen / M. Löschberger-Holzer -- Theatermusik Ottobeurer Hauskomponisten im 18. Jahrhundert / S. Michl
=600  \0$1http://www.wikidata.org/entity/Q1492609$aZeiler, Gallus$d1705-1755$925335
=610  \0$aBenediktinerabtei Andechs (Germany)$1http://www.wikidata.org/entity/Q259971$923730
=610  \0$aBenediktiner-Abtei Ottobeuren (Germany)$1http://www.wikidata.org/entity/Q702001$91344
=610  \0$aBenedictines$1http://www.wikidata.org/entity/Q131132$921364
=610  \0$aFranciscans$1http://www.wikidata.org/entity/Q165005$91540
=648  \0$a18th Century (1701-1800)$1http://www.wikidata.org/entity/Q7015$920899
=650  \0$aComposer$1http://www.wikidata.org/entity/Q36834$93625
=650  \0$aChurch music$1http://www.wikidata.org/entity/Q8812109$92283
=650  \0$aMusic theater$1http://www.wikidata.org/entity/Q96394452$92065
=650  \0$aMonastery$1http://www.wikidata.org/entity/Q44613$926216
=651  \0$aBavaria (Germany)$1http://www.wikidata.org/entity/Q980$9228
=651  \0$aFüssen (Germany)$926423
=700  \\$4edt$aWeiß, G.$923731
=700  \\$4edt$aGruber, Gernot$1http://www.wikidata.org/entity/Q1514396$99145
=700  \\$4edt$aMünster, Robert$d1928-2021$1http://www.wikidata.org/entity/Q2158321$914961
=700  \\$4edt$aValentin, Erich$d1906-1993$914814
=942  \\$cBOO
=952  \\$00$10$2ddc$40$6TOP_DE_BAV$70$8TOP$911856$aORPH$bORPH$cKTS1_P$d2020-07-08$eKoopman$i20E03$oTOP DE.BAV$p20125378$r2021-01-12 00:00:00$w2021-01-12$yBOO
=999  \\$d11873

