=LDR  03354nam a2200337 a 4500
=001  11874
=005  20251027141427.0
=008  840403s1983\\\\it\af\\\\b\\\\100\0\ita\\
=020  \\$a882223202X
=040  \\$aOI
=041  \\$aita
=245  00$aMusica e cultura a Napoli dal XV al XIX secolo
=260  \\$aFlorence$bOlschki$c1983
=300  \\$a384 pages, [2] pages of plates$billustrations$c24 cm
=490  \\$aQuaderni della Rivista italiana di musicologia$v9
=504  \\$aIncludes bibliographical references.
=505  \\$gLa musica a Napoli nel secolo XVII attraverso gli avvisi e i giornali / D. A. d'Alessandro -- Presenza e influssi dell'opera francese nella civiltÖ melodrammatica della Napoli murattiana: il "caso" Manfroce / G. C. Ballola -- Il repertorio polifonico sacro nelle fonti napoletane del Quattrocento / G. Cattin -- Breve premessa alla storia civile e sociale di Napoli / G. Galasso -- Nuove fonti per la storia musicale napoletana in etÖ aragonese: i musicisti nei libri contabili del Banco Strozzi / C. Galiano -- Condizione sociale dei musicisti e dei loro committenti nella Napoli del Cinque e Seicento / K. A. Larson -- Un'opera per onorare le vittime della repressione borbonica del 1799 e per glorifiare Napoleone: I Pittagorici di Vicenzo Monti e Giovanni Paisiello / F. Lippmann -- Feste e cerimonie con musica in Calabria nella prima metà del Settecento / A. Magaudda -- Cronologia delle edizioni musicali napoletane del Cinque-Seicento / A. Pompilio & K. A. Larson -- Editioria musicale a Napoli e in Italia nel Cinque-Seicento / A. Pompilio -- L'opera comica napoletana di primo Settecento / M. Rak -- Giovanni Paisiello e la cappella reale di Napoli / M. F. Robinson -- Materiali per la storia socio-economica del San Carlo nell'Ottocento / J. Rosselli -- Musica religiosa e conservatorii napoletani: a proposito del San Gugliemo d'Aquitania di Pergolesi / G. Salvetti -- Lingua e dialetto nel teatro musicale napoletano del '700 / P. Simonelli --  Organizzazione, gestione, politica teatrale e repertori operistici a Napoli e in Italia, 1800-1820 / E. Surian -- Riflessioni sull'arte tastieristica napoletana del Cinque e Seicento / L. F. Tagliavini -- Le quattro versioni dell'Ezio di Niccolò Jommelli / A. Ziino
=600  \0$1http://www.wikidata.org/entity/Q185312$aPergolesi, Giovanni Battista$d1710-1736$94761
=600  \0$1http://www.wikidata.org/entity/Q312891$aJommelli, Niccolò$d1714-1774$94785
=600  \0$1http://www.wikidata.org/entity/Q202303$aPaisiello, Giovanni$d1740-1816$95361
=648  \0$1http://www.wikidata.org/entity/Q4692$aRenaissance (1400-1600)$920965
=648  \0$1http://www.wikidata.org/entity/Q7016$a17th Century (1601-1700)$920923
=648  \0$1http://www.wikidata.org/entity/Q7015$a18th Century (1701-1800)$920899
=648  \0$1http://www.wikidata.org/entity/Q6955$a19th Century (1801-1900)$920935
=650  \0$aMusic history$1http://www.wikidata.org/entity/Q846047$921373
=651  \0$aNaples (Italy)$1http://www.wikidata.org/entity/Q2634$921
=700  \\$aBianconi, Lorenzo$1http://www.wikidata.org/entity/Q26267187$4edt$914646
=700  \\$aBossa, Renato.$914647$4edt
=942  \\$cBOO
=952  \\$00$10$2ddc$40$6TOP_IT_NAP$70$8TOP$911857$aORPH$bORPH$cKTS0$d2020-07-08$eKoopman$i20E06$l0$oTOP IT.NAP$p20125375$r2021-01-12 00:00:00$w2021-01-12$yBOO$OKoopman
=999  \\$d11874

