=LDR  01990cam a2200253 a 4500
=001  11880
=005  20250120115951.0
=008  830115s1980\\\\gw\ag\\\\b\\\\010\0\eng\\
=020  \\$a3761804334 (Bärenreiter) :$cDM96.00
=020  \\$a0913574279 (European American)
=040  \\$aOI
=041  \\$aeng
=100  \\$4dte$aAlbrecht, Otto Edwin$d1899-1984$914651
=245  00$aStudies in Musicology in Honor of Otto E. Albrecht
=260  \\$aKassel$bBärenreiter$aClifton, NJ$bEuropean American Music Distributors Corp.$c1980
=300  \\$aviii-287 pages$billustrations, music$c25 cm
=504  \\$aIncludes bibliographical references.
=505  0\$aThe musical observance of time in early Roman chant / Thomas H. Connolly -- Hexachordal and modal structure in Machaut's polyphonic chansons / Jehoash Hirshberg -- French duos in the first half of the sixteenth century / Lawrence F. Bernstein -- The illuminated music books of a Renaissance merchant / George K. Diehl -- The 1548 editions of Cipriano de Rore's Third book of madrigals / Alvin H. Johnson -- Simon Goulart (1543-1628), editor of music, scholar, and moralist / Courtney S. Adams -- Air, a catchword for new concepts in the seventeenth century English music theory / Franklin B. Zimmerman -- The anti-galant attitude of F.M. Veracini / John Walter Hill -- On the origins of the Mannheim symphonic style / Eugene K. Wolf -- Berlioz and the critic / Peter Anthony Bloom -- Inspiration and calculation in the genesis of Wagner's Siegfried / Daniel Coren.
=590  \\$aA Collection of Essays by His Colleagues and Former Students at the University of Pennsylvania
=650  \0$aMusic history$1http://www.wikidata.org/entity/Q846047$921373
=700  \\$aHill, John Walter$d1942-$4edt$1http://www.wikidata.org/entity/Q93238966$914652
=942  \\$cBOO
=952  \\$00$10$2ddc$40$6REF_4_000000000000000_ALBR$70$8REF$911863$aORPH$bORPH$cKM12_1$d2020-07-08$eKoopman$i20E33$oREF4 ALBR$p20125401$r2021-01-12 00:00:00$w2021-01-12$yBOO
=999  \\$d11880

