=LDR  04920aam a2200577   4500
=001  11881
=005  20251001162312.0
=008  231228s1980\\\\||||||||\||||\00|\0dmul\d
=020  \\$a8322401078
=041  \\$apol$aita
=245  \\$aPolsko-wloskie materialy muzycne$b= Argomenti musicali polacco-italiani
=260  \\$aCracow$aWarsaw$bPWM$c1980
=505  \\$gLa fortuna in Italia dell'opera di Chopin durante la vita del compositore / G. Belotti -- Progetti d'interni di teatro dell'architetto Antonio Corazzi per l'opera romantica / P. Bieganski -- Le idee armoniche di Abramo Basevi (1862-65) / M. Bristiger --  Italianismi e caratteri vocali della melodia di Chopin / Z. Chechlinska -- Frederico Chopin e il melodramma italiano / C. Combati -- Variazioni di Federico Chopin su temi italiani / J. Falenciak -- Dell'opera drammatica di Simone Mayr e del suo pensiero sul dramma musicale / V. Gibelli -- Romanticismo e opera italiana della prima metà del XIX secolo / Z. Helman -- Passi sierra morena, un'opera lirica di Józef Elsner in una collezione fiorentina / D. Idaszak -- Alcune osservazioni sull'impegno ideologico di Chopin / S. Jarocinski -- Acustica e psicologia nel compendium musicae di Renato Cartesio / G. Massera -- Chopin e Bellini: "casta diva", manoscritto di F. Chopin / W. Nowik -- Pensiero romantico e melodramma italiano / M. Padoan --  Autografi di Stanislaw Pilinski nella biblioteca nazionale di Parigi / I. Poniatowska -- Un'opera sconosciuta di Gaetano Pugnani: il concerto in re maggiore per violino e orchestra in una copia autografa di J.J. Rousseau nella biblioteca dell'accademia polacca delle scienze di Cracovia / A. Rieger -- Contatti musicali polacco-italiani nel primo trentennio del XIX secolo / H. Szepietowska -- Le idee estetiche musicali in Italia nel primo ottocento e l'estetica di P. Lichtenthal (1831) e di R. Boucheron (1842) / G. Vecchi -- Il traité de l'expression musicale (Parigi 1874) di Mathias Lussy / M. Wozna
=600  \0$aDescartes, René$d1596-1650$1http://www.wikidata.org/entity/Q9191$95525
=600  \0$aPugnani, Gaetano$d1731-1798$1http://www.wikidata.org/entity/Q560926$97797
=600  \0$aMayr, Johann Simon$d1763-1845$1http://www.wikidata.org/entity/Q373770$914672
=600  \0$aElsner, Józef$d1769-1854$1http://www.wikidata.org/entity/Q471647$926888
=600  \0$aLichtenthal, Peter$d1780-1853$1http://www.wikidata.org/entity/Q11941336$926890
=600  \0$aCorazzi, Antonio$d1792-1877$1http://www.wikidata.org/entity/Q601682$926886
=600  \0$aBoucheron, Raimondo$d1800-1876$1http://www.wikidata.org/entity/Q3929568$926891
=600  \0$aBellini, Vincenzo$d1801-1835$1http://www.wikidata.org/entity/Q170209$96318
=600  \0$aChopin, Frédéric$d1810-1849$1http://www.wikidata.org/entity/Q1268$916495
=600  \0$aBasevi, Abramo$d1818-1885$1http://www.wikidata.org/entity/Q3603793$926887
=600  \0$aLussy, Mathis$d1828-1910$1http://www.wikidata.org/entity/Q4272270$919907
=600  \0$aPiliński, Stanisław$d1839-1905$1http://www.wikidata.org/entity/Q103958990$926889
=610  \0$aBibliothèque nationale de France (Paris)$1http://www.wikidata.org/entity/Q193563$91301
=648  \0$a17th Century (1601-1700)$1http://www.wikidata.org/entity/Q7016$920923
=648  \0$a19th Century (1801-1900)$1http://www.wikidata.org/entity/Q6955$920935
=650  \0$aKeyboard music$1http://www.wikidata.org/entity/Q105715630$921412
=650  \0$aReception$1http://www.wikidata.org/entity/Q1791660$925021
=650  \0$aOpera$1http://www.wikidata.org/entity/Q1344 $92468
=650  \0$aArchitecture$1http://www.wikidata.org/entity/Q12271$93185
=650  \0$aHarmony$1http://www.wikidata.org/entity/Q184421$92358
=650  \0$aInfluence$1http://www.wikidata.org/entity/Q1307337$922289
=650  \0$aItalian$1http://www.wikidata.org/entity/Q652$924225
=650  \0$aMelody$1http://www.wikidata.org/entity/Q170412$923237
=650  \0$aTheme and variations$1http://www.wikidata.org/entity/Q763324$92038
=650  \0$aRomanticism$1http://www.wikidata.org/entity/Q37068$921719
=650  \0$aIdeology$1http://www.wikidata.org/entity/Q7257$920984
=650  \0$aAcoustics$1http://www.wikidata.org/entity/Q82811$921365
=650  \0$aMusic psychology$1http://www.wikidata.org/entity/Q476590$921788
=650  \0$aConcerto$1http://www.wikidata.org/entity/Q9748$921817
=650  \0$aViolin$1http://www.wikidata.org/entity/Q8355$92783
=650  \0$aMusic philosophy and aesthetics$1http://www.wikidata.org/entity/Q2092865$921165
=651  \0$aPoland$1http://www.wikidata.org/entity/Q36$996
=651  \0$aItaly$1http://www.wikidata.org/entity/Q38$922
=700  \\$aBristiger, M.$4edt$926884
=700  \\$aStankiewicz, J.$4edt$926885
=942  \\$cBOO
=952  \\$00$10$2ddc$40$6TOP_PL$70$8TOP$911864$aORPH$bORPH$cKTS0$d2020-07-08$eKoopman$i20E41$l0$oTOP PL$p20125393$r2021-01-12 00:00:00$w2021-01-12$yBOO$OKoopman
=999  \\$d11881

