=LDR  12232aam a2200529   4500
=001  11883
=003  OSt
=005  20250821151444.0
=008  210209b\\\\\\\\\\\|||||\||||\00|\0\eng\d
=020  \\$a2868201090
=020  \\$a2868201096
=040  \\$cST
=041  \\$aeng$afre$aspa$aita$ager
=245  \\$aLa Musique et le rite sacré et profane.$bActes du XIIIe Congrès de la Société Internationale de Musicologie
=260  \\$aStrasbourg$bAssociation des Publications près les Universités de Strasbourg$c1986
=300  \\$a2 volumes (489+795 pages)
=505  \\$avol. 1: L'art et les symboles de l'âme / R. Huyghe (1) -- Official Court Music: Means and Symbol of Might / A. Dunning (17) -- Hofkapelle und Orgel, Herrschaftszeichen der Karolinger / M. Schuler (22) -- Playing for Power: Drum and Naubat, the Symbols of Might / B. C. Wade (28) -- Offizielle Hofmusik: Mittel und Symbol der Macht? / S. Zak (33) -- Quelques aspects sociaux et politiques du ballet de cour sous Louis XIV / C. Massip (37) -- Court Music: Means and Symbol of Power. Some tentative elements for the discussion / I. Supicic (41) -- Il Pellegrinaggio alla Madonna della Montagna di Polsi (Aspromonte, Calabria 31 Agosto-2 Settembre) / R. Leydi (49) -- Cantiones Natalitiae: Christmas Carols at Antwerp Churches During the Seventeenth Century / R. Rasch (69) -- La musique en Russie à l'époque médiévale. Chants sacrés et chants populaires / S. Moisson-Franckhauser (75) -- El Drama del Tr†nsito de la Virgen de la Asunci¢n conocido por los nombres de Festa o Misterio de Elche / J. M. Vives Ramiro (82) -- Einleitung / K. von Fischer (105) -- Diskussion (107) -- Ideology and Musical Language / M. Flothuis (129) -- La Fête Impériale. Origine et caractéristiques de ses répertoires musicaux dans le Paris de Napoléon III (1852-1870) / D. Pistone (132) -- Ceremonial and Festival Functions of Masonic and Revolutionary Music / R. Y Hare (138) -- Musique engagée? The Experience of the Saint-Simonians at Ménilmontant / R. P. Locke (145) -- Mozarts Freimaurermusiken / W. Siegmund-Schultze (156) -- De la communication de Marius Flothuis / A. L. Ringer (162) -- Funktionswandel und Transformation in der Musikgeschichte / R. Flotzinger (169) -- Funktionswandel von ritueller und zeremonieller Volksmusik / E. Stockmann (181) -- Drei Funktionswandlungen aus dem pazifischen Raum / R. D. Trimillos (186) -- Funktionalisierung-Semantisierung-Transzendenz / V. Karbusicky (189) -- Funktions- und Strukturwandel mitteleuropäischer Volksmusik. Stabilisations- und Veränderungsprozesse in Kunst- und Volksmusik / A. Elschekovt (192) -- Funktionswandel der Musik im Lichte der Zeichentheorie / J. Steszewski (198) -- Notes and Paradigms / T. Seebass (207) -- A Capella Doctrine Versus a Cappella Practice a Necessary Distinction / J. W. McKinnon (238) -- Musiques de rites saisonniers en Europe traditionelle (résumé) / C. Marcel-Dubois (243) -- Vocal and Instrumental Music in Sacrificial Rites Performed at the Korean Royal Court: a Case History / R. C. Provine (245) -- Nouveaux rituels dans la musique d'aujourd'hui / M. C. Le Moigne-Mussat (255) -- Ritualisation et musique contemporaine / D. Gojowy (267) --  Rock and Ritual / J. Newman (273) -- Vocal and Instrumental Practice in the Islamic Ritual of South Asia / R. Burckhardt-Qureshi -- Einführung / W. Arlt (289) -- Zur Psalmodie der christlichen Frühzeit / M. Haas (292) -- Le répons-graduel de la messe / M. Huglo (294) -- A Gregorian Processional Antiphon / K. Levy (302) -- From Ritual Through Language to Music / L. Treitler (313) -- About Tropes / A. E. Planchart (318) -- Opera as Patriotic Ceremony: the Case of L'Oriflamme / E. C. Bartlet (327) -- Das Moment der Kontinuität in der napoleonischen Prunkoper / T. Hirsbrunner (339) -- Zur Frage "Oper als Zeremonie" und "Zeremonie in der Oper" / C. H. Mahling (345) -- Opera as Public Ceremony. The French Revolutionary Connection / A. L. Ringer (350) -- Intermedio, Ballet and Opera in the Oeuvre of Monteverdi / D. Arnold (363) -- The "Occasional" Element in the Choral Finale from Poliziano to Rinuccini / F. W. Sternfeld (371) -- Wedding Festivities at Court and the nascent Ballet de Cour / D. Heartz (377) -- The English Masque in a European Context / P. Walls (384) -- Instrumental Ensembles in the Jacobean Masque / P. Holman (390) -- Lullys späte Ballett-Opern / H. C. Wolff (397) -- Il ballo pubblico a Firenze / F. A. Gallo (405) -- Fedeltà alla tradizione e novità quattrocentesche nelle celebrazioni liturgiche di San Marco in Venezia / G. Cattin (409) -- From Ritual to Theater: the Dual Development of Spectacle and Music at Ferrara, 1450-1500 / L. Lockwood (416) -- Music in Recurrent Feasts of Bruges / R. Strohm (424) -- The Coronation of Henri VI of England at Notre Dame of Paris / C. Wright (433) -- The Mediatory and Classificatory Role of Music, Dance and Ritual in Religious Ceremony and Folk Festivities in Southern Colombia (Nariño and Alto Putumayo) / S. Moore (442) -- Myth, Music and Dance in the Formation of Ritual Discourse among the Xinguano Indians of Central Brazil / R. J. de Menezes Bastos (448) -- Music and Choreographic Functions in Afro-Brazilian Candomblé / G. Behague (454) -- Music and Dance in Central African Healing Ceremonies / B. Schmidt-Wrenger (456) -- The Contrasting Claims of Pitjantjatjara Women's Ceremonies on Sacred and Secular Occasions / H. Payne (464) -- Sacred and Profane: A New Guinea Example / T. C. Aitken (470) -- Aspects du concert spirituel islamique: le sama' / J. During (475) -- La danse masquée 'cham dans la tradition du boudhisme tibétain / M. Helffer (480)
=505  \\$avol. 2: Music and Symbolism in Papua New Guinea / G. D. Spearritt (1) -- Change of Function and Transformation of Ritual and Ceremonial Music in India / A. Lobo (17) -- Konsonanzordnung und Saitenteilung bei Hippasos von Metapont / F. Zaminer (27) -- Variants in Antiphon Families: Notation and Tradition / D. Hughes (29) -- Non-Diatonic Tones in Plainsong: Theinred of Dover Versus Guido d'Arezzo / J. Snyder (49) -- New Data on the Evolution of the Parisian Two-part Organa / H. Tischler (84) -- The Chronology and Structure of the Roman de Fauvel / G. Reaney (85) -- The Effect of Monasticism on Fourteenth-Century English Music / W. J. Summers (105) -- Le chant du rite maronite / L. Hage (69) -- The Trumpetum in Strasbourg M 222 C 22 / V. S. Ramalingham (143) -- Rapports structurels entre la messe "Ecce ancilla Domini" de Johannes Ockegem et la Déploration de Johannes Ockegem de Josquin des Prez (161) --  Johannes Brunet: Musical Careers and Ecclesiastical Benefices / C. Reynolds (163) -- Maria Lactans and Josquin's Oratorical Art / W. Kirkendale (179) -- Music for the Deposed House of Aragon: Sfortuna e speranza / G. Nugent (181) -- The Compendium Musices: Musical Continuity Among The Sixteenth-Century Italian Clergy / D. Crawford (195) -- The French-Italian Wars in Historical Chanson Verse (1494-1559) / D. S. Packer (217) -- Moses as Poet and Musician in the Ancient Theology / D. Harrín (233) -- Corte e beni musicali a Mantova, Duca Gugliemo Gonzaga / C. Gallico (253) -- Florentine Intermedi sacri e morali, 1549-1622 / J. W. Hill (265) -- Love, Music and Spectacle in Counter-Reformation Rome: "Il cardo dell'Universo" (1587) / J. Chater (303) -- Marco da Gagliano and the Florentine Tradition for Holy Week Music / F. A. D'Accone (323) -- Bartolomes Bonifacio's Rituum Ecclesiasticorum Ceremoniale of St. Mark's, Venice / J. H. Moore (365) -- La réinterprétation royaliste des textes bibliques, et surtout des psaumes, dans le répertoire religieux de la cour de France (1560-1610) / D. R. Lamothe (409) -- Lodovio Lana's Portrait of Geronimo Valeriano, Lutenist to the Duke of Modena, and his corente per la tiorba / C. H. Slim (421) -- Giovan-Battista Andreini's Dramas and the Beginnings of Opera / J. Cohen (423) -- Die Funktion des Divertissement und des Ballet de cour in der höfischen Ideologie / H. Schneider (433) -- Une Académie de musique en province au temps du Roi-Soleil / J. de La Gorce (465) -- Formal Entertainment and Opera for the Aristocracy in 17th Century Rome / M. Murata (497) -- The Rise of the Emilian School of Instrumental Music in late 17th Century Italy / J. G. Suess (499) -- Johann Mattheson and the Affekten, -Figuren-, and Rhetoriklehren / E. Harriss (517) -- Die Rolle der Musik bei dem Adel im Herzogtum Krain im 17. und zu Beginn des 18. Jahrhunderts / D. Cvetko (533) -- Le rôle de l'opéra dans la lutte entre l'obscurantisme et les Lumières au Portugal (1731-1742) / M. C. de Brito (543) -- "Chants d'allégresse" : le travail contrapunctique de Rameau / T. Green (555) -- Zur Vulgärsprachlichen geistlichen Musik Italiens im 18. Jahrhundert: die musikalische Gestaltung der Kreuzwegandacht / M. Marx (573) -- The Concept of Oratorio in the Music and Writings of Jean-François Le Sueur / H. E. Smither (601) -- The Symphonies of Georges Onslow / B. Schwarz (623) -- Franz Liszt the Autor, 1834-47: An Old Question Answered Anew / A. Main (637) -- Verdi's Changing Attitudes Towards Dramatic Situations as Seen in some of his Revisions in La Forza del Destino / W. C. Holmes (657) -- Aspekte des musikalisch Erhabenen im 19. Jahrhundert / A. Riethmüller (675) -- L'église catholique et la musique pour orgue en Italie au XIXe siècle (676) -- The Captain and the Doctor in Wozzeck / F. Noske (689) -- Die "mittlere Musik" der zwanziger Jahre / H. Danuser (703) -- Social and Historical Consciousness in Music of the 1920's / A. Lessem (723) -- The Double-Meaning of Jewish Elements in Dmitri Shostakovich's Music (737) -- Les tendances de la recherche en sémiologie musicale / J.-J. Nattiez (759) -- The Use of Styles as Signs in Early Israeli Art Musc: A Contribution to Semiotics of Music / J. Hirschberg (781)
=590  \\$aTable rondes présentés et réunies par Marc Honegger et Christian Meyer
=600  \0$aOckeghem, Johannes$dc. 1410-1497$1http://www.wikidata.org/entity/Q143059$916500
=600  \0$aJosquin Desprez$d1450?-1521$1http://www.wikidata.org/entity/Q143100$918229
=600  \0$aPoliziano, Angelo$d1454-1494$1http://www.wikidata.org/entity/Q250414$913295
=600  \0$aMonteverdi, Claudio$d1567-1643$1http://www.wikidata.org/entity/Q53068$910794
=600  \0$aLouis XIV$cKing of France$d1638-1715$1http://www.wikidata.org/entity/Q7742$99829
=600  \0$aLully, Jean-Baptiste$d1632-1687$1http://www.wikidata.org/entity/Q1192$95867
=600  \0$aRameau, Jean-Philippe$d1683-1764$1http://www.wikidata.org/entity/Q1145$94787
=600  \0$aMattheson, Johann$d1681-1764$1http://www.wikidata.org/entity/Q170333$95222
=600  \0$aMozart, Wolfgang Amadeus$d1756-1791$1http://www.wikidata.org/entity/Q254$95341
=600  \0$aVerdi, Giuseppe$d1813-1901$1http://www.wikidata.org/entity/Q7317$922711
=600  \0$aBerg, Alban$d1885-1935$1http://www.wikidata.org/entity/Q78475$915987
=610  \0$aBasilica di San Marco (Venice, Italy)$1http://www.wikidata.org/entity/Q172988$920989
=648  \0$aPast$1http://www.wikidata.org/entity/Q192630$922196
=650  \0$aChurch music$1http://www.wikidata.org/entity/Q8812109$92283
=650  \0$aReligion$1http://www.wikidata.org/entity/Q9174$93062
=650  \0$aOpera$1http://www.wikidata.org/entity/Q1344$92468
=650  \0$aBallet$1http://www.wikidata.org/entity/Q41425$94412
=650  \0$aCourt$922191
=650  \0$aFreemasonry$1http://www.wikidata.org/entity/Q41726$926207
=650  \0$aSaint-Simonianism$1http://www.wikidata.org/entity/Q632032$93284
=650  \0$aChristmas carol$1http://www.wikidata.org/entity/Q503354$921998
=651  \0$aWorld$1http://www.wikidata.org/entity/Q2$922254
=700  \\$4edt$aHonegger, Marc$923047
=700  \\$4edt
=942  \\$cBOO
=952  \\$00$10$2ddc$3Volume I : Tables rondes$40$6REF_3_000000000000000_HONE$70$8REF$911866$aORPH$bORPH$cKM12_1$d2020-07-08$eKoopman$i20F10$oREF3 HONE$p20128141$r2021-01-12 00:00:00$w2021-01-12$yBOO
=952  \\$00$10$2ddc$3Volume II : Communications libres$40$6REF_3_000000000000000_HONE$70$8REF$911867$aORPH$bORPH$cKM12_1$d2020-07-08$eKoopman$i20F10$oREF3 HONE$p20128140$r2021-01-12 00:00:00$w2021-01-12$yBOO
=999  \\$d11883

