=LDR  02637cam a2200325 i 4500
=001  11885
=005  20250205110319.0
=008  800925s1980\\\\maua\\\\\b\\\\001\0\eng\\
=020  \\$a0674843312 :$c$36.00
=040  \\$aOI
=041  \\$aeng
=245  14$aThe String Quartets of Haydn, Mozart, and Beethoven:$bStudies of the Autograph Manuscripts
=260  \\$aCambridge, MA$bHarvard University Press$c1980
=300  \\$axi-357 pages$bill.$c24 cm
=490  0\$aIsham Library papers$v3
=505  0\$aLockwood, L. Introductory remarks.--Somfai, L. An introduction to the study of Haydn's quartet autographs (with special attention to Opus 77/G)--Webster, J. The significance of Haydn's quartet autographs for performance practice.--Feder, G. Haydn's corrections in the autographs of the Quartets opus 64 and opus 71/74.--Finscher, L. Aspects of Mozart's compositional process in the Quartet autographs: I. The early quartets. II. The genesis of K. 387.--Flothuis, M. A close reading of the autographs of Mozart's ten late quartets.--Tyson, A. Mozart's Haydn quartets : the contribution of paper studies.--Wolff, C. Creative exhuberance vs. critical choice : thoughts on Mozart's quartet fragments.--Kramer, R. Das Organische der Fuge : on the autograph of Beethoven's Quartet in F major, opus 59, no. 1.--Brandenburg, S. The autograph of Beethoven's Quartet in A minor, opus 132 : the structure of the manuscript and its relevance for the study of the genesis of the work.--Staehelin, M. Another approach to Beethoven's last quartet oeuvre : the unfinished string quintet of 1826/27.
=590  \\$aA conference at Isham Memorial Library, March 15-17, 1979
=600  \0$aHaydn, Joseph$d1732-1809$1http://www.wikidata.org/entity/Q7349$94783
=600  \0$aMozart, Wolfgang Amadeus$d1756-1791$1http://www.wikidata.org/entity/Q254$95341
=600  \0$aBeethoven, Ludwig van$d1770-1827$1http://www.wikidata.org/entity/Q255$95335
=648  \0$a18th Century (1701-1800)$1http://www.wikidata.org/entity/Q7015$920899
=648  \0$a19th Century (1801-1900)$1http://www.wikidata.org/entity/Q6955$920935
=650  \0$aString quartet$1http://www.wikidata.org/entity/Q207338$94110
=650  \0$aManuscript$1http://www.wikidata.org/entity/Q87167$92275
=651  \0$aAustria$1http://www.wikidata.org/entity/Q40$9202
=700  \\$aWolff, Christoph$d1940-$4edt$1http://www.wikidata.org/entity/Q66488$910387
=700  \\$aRiggs, Robert$d-1946$4edt$914656
=942  \\$cBOO
=952  \\$00$10$2ddc$40$6GEN_12_000000000000000$70$8GEN$911868$aORPH$bORPH$cKM12_1$d2020-07-08$eKoopman$i20F31$oGEN12$p20128119$r2021-01-12 00:00:00$w2021-01-12$yBOO
=999  \\$d11885

