=LDR  03823nam a2200301 a 4500
=001  11886
=005  20250120120903.0
=008  950202s1994\\\\it\agh\\\b\\\\011\0dmul\d
=020  \\$a8822242343
=040  \\$aOI
=041  \\$aeng$ager$aita
=245  00$aMusicologia Humana.$bStudies in Honor of Warren and Ursula Kirkendale
=260  \\$aFlorence$bOlschki$c1994
=300  \\$a596 pages$billustrations, facsimiles, music$c25 cm
=490  1\$aHistoriæ Musicæ Cultores Biblioteca$v74
=500  \\$aIn English, German, and Italian.
=500  \\$a"Publications of Warren and Ursala Kirkendale": p. 575-579.
=504  \\$aIncludes bibliographical references and index.
=505  \\$gExordium / A. Dunning -- Über Kontinuität in der Musikgeschichte / R. Hammerstein -- Orpheus un Ovids "Metamorphosen" / M. von Albrecht -- Il communio "Vox in Rama" e il codice Benevento: Josquin, Tinctoris, Obrecht, Brumel / R. Sherr -- Il "Tentalora" ballo dei "tempi passi": vecchie e nuove fonti / F. Luisi -- The lives of Saints Reflected in 16th-Century Compositional Practice / W. Elders -- Thomas Crequillon's "Salamander": An Italian Import / B. J. Blackburn -- Clemens non Papa, the Virgin Mary, and Rhetoric / H. M. Brown -- Stefano Rossetti at the Imperial Court / R. Lindell -- Musicians at the Court of Mantua during Monteverdi's Time: Evidence from the Payrolls / S. Parisi -- L'accordatura strumentale in Toscane: proposte e contraste da V. Galilei a Cristofori (c. 1580-1730) / P. Berbieri -- Reflections of GLory: Bonifazio Bevilacqua as Poet and Parton / J. Chater -- Luca Bati and the Late Cinquecento Madrigal in FLorence / D. Butchart -- Innovation set against Convention / R. Jackson -- Jewish Dramatists and Musicians in the Renaissance: Separate Activities, Common Aspirations / D. Harrín -- Il codice Egerton 3665: attribuzioni e valutazioni storiche / A. M. Monterosso Vacchelli -- Espressività, sensualismo e artificio nella musica strumentale protobarocca / E. Ferrari Barassi -- Training a Singer for Musica recitativa in Early Seventeenth-Century Italy: The Case of Baldasarre / J. W. Hill -- Un travestimento spirituale della canzonetta "Chiome d'oro" di Claudio Monteverdi / R. Monterosso -- Metro letterario e metro musicale nelle pagine di un critico di Chiabrera / P. Fabbri -- Giovanni Battista Ferrini "della spinetta" e l'intavolatura cembalo-organistica Vat.Mus.569 / A. Morelli -- Teofilo Macchetti and Sacred Music in Pisa, 1694-1713 / C. Gianturco -- Edizioni musicali perdute e musicisti ignoti nella "Notitia de' contrapuntisti e compositori di musica" di Giuseppe Pitorini / C. Ruini -- Considerazioni sulla collezione medicea di strumenti musicali alla luce di documenti sconosciuti del 1744-67 e 1794-95 / V. Gai -- Padre Martini and the Accademia Filarmonica of Bologna / L. Callegari Hill -- Mozart and the Compound Pianoforte / E. Badura-Skoda -- Johann Georg Albrechtsberger's "26 Canoni aperti dei varii autori": Observations on Canonic Theory and Repertory in the Late 18th Century / R. N. Freeman -- Der Triumph der Anmut: Über das Finale des Streichquartetts in G-dur, KV. 387, von W.A. Mozart / W. Seidel -- "Meeresstille": Goethes Gedicht in der Musik seiner Zeit / T. Göllner -- Contributions to the Early Music Movement by Sir Thomas Beecham, Baronet, C.H. / D. Stevens
=650  \0$aMusic history$1http://www.wikidata.org/entity/Q846047$921373
=700  \\$aKirkendale, Warren$4dte$912012
=700  \\$aKirkendale, Ursula$4dte$912013
=700  \\$aGmeinwieser, Siegfried$4edt$925522
=700  \\$aHiley, David$4edt$917041
=700  \\$aRiedlbauer, Jörg$4edt$913542
=942  \\$cBOO
=952  \\$00$10$2ddc$40$6REF_4_000000000000000_KIRK$70$8REF$911869$aORPH$bORPH$cKM12_1$d2020-07-08$eKoopman$i20F36$oREF4 KIRK$p20128114$r2021-01-12 00:00:00$w2021-01-12$yBOO
=999  \\$d11886

