=LDR  01487nam a2200349 a 4500
=001  11887
=005  20250821151649.0
=008  970807s1996\\\\ne\a\\\\\bc\\\000\0\dut\d
=010  \\$a   98106181 
=020  \\$a9040099014 (museumedition, pbk.)
=020  \\$a9040099006 (hardbound)
=035  \\$a(OCoLC)37434786 
=040  \\$aICU$cICU$dDLC
=041  0\$adut$beng
=042  \\$alccopycat
=043  \\$ae-ur---
=245  00$aCatharina :$bde keizerin en de kunsten : uit de schatkamers van de Hermitage /$ceindredactie, John Vrieze.
=246  15$aCatherine, the empress and the arts
=260  \\$aZwolle :$bWaanders,$c[1996]
=300  \\$a302 p. :$bill. (some col.) ;$c32 cm.
=504  \\$aIncludes bibliographical references (p. 288-302).
=650  \0$aFine art$1http://www.wikidata.org/entity/Q219625$921579
=600  \0$aCatherine II$cEmpress of Russia$d1729-1796$1http://www.wikidata.org/entity/Q36450$98341
=650  \0$aFine art$1http://www.wikidata.org/entity/Q219625$921579
=650  \0$aFine art$1http://www.wikidata.org/entity/Q219625$921579
=610  \0$aHermitage Museum (Saint Petersburg, Russia)$924320
=700  \\$aVrieze, J.$914658
=710  \\$aHermitage Museum (Saint Petersburg, Russia)$924320
=710  \\$aNieuwe Kerk (Amsterdam, Netherlands)$91634
=942  \\$cBOO
=952  \\$00$10$2ddc$40$6BIO_CATH_D$70$8BIO$911870$aORPH$bORPH$cKTS1_P$d2020-07-08$eKoopman$i20G3$oBIO CATH d$p20128185$r2021-01-12 00:00:00$w2021-01-12$yBOO$OKoopman
=999  \\$c11887$d11887

