=LDR  01079nam a2200253 a 4500
=001  11889
=005  20250120115912.0
=008  950207s1994\\\\ne\a\\\\\bc\\s000\0\eng\d
=010  \\$a   95113377 
=020  \\$a9040097046
=035  \\$a(OCoLC)31719072 
=040  \\$aPPiU$cPPiU$dTxU$dDLC
=042  \\$alccopycat
=100  \\$aBramer, Leonard,$d1596?-1674.$914661
=245  10$aLeonaert Bramer, 1596-1674 :$bingenious painter and draftsman in Rome and Delft /$cJane ten Brink Goldsmith ... [et al.].
=260  \\$aZwolle :$bWaanders ;$aDelft :$bStedelijk Museum Het Prinsenhof,$cc1994.
=300  \\$a331 p. :$bill. (some col.) ;$c29 cm.
=504  \\$aIncludes bibliographical references (p. 321-331).
=600  \0$aBramer, Leonard,$d1596?-1674.$914661
=700  \\$aGoldsmith, Jane ten Brink$914663
=710  \\$aStedelijk Museum "Het Prinsenhof" (Delft, Netherlands)$91637
=942  \\$cBOO
=952  \\$00$10$2ddc$40$6BIO_BRAM_D$70$8BIO$911872$aORPH$bORPH$cKTS1_P$d2020-07-08$eKoopman$i20G5$l0$oBIO BRAM d$p20128183$r2021-01-12 00:00:00$w2021-01-12$yBOO$OKoopman
=999  \\$c11889$d11889

