=LDR  00990cam a2200241 a 4500
=001  11890
=005  20250120115951.0
=008  910809s1990\\\\ne\a\\\\\bc\\\001\0\dut\\
=020  \\$a9060116828
=040  \\$aOI
=041  \\$adut
=100  \\$aTemminck Groll, Coenraad Liebrecht$d-1925$4aut$914665
=245  03$aDe Cannenburch en zijn bewoners
=260  \\$aArnhem$bStichting Vrienden der Geldersche Kasteelen$aZutphen$bWalburg Pers$c1990
=300  \\$a295 p. :$bill. (some col.) ;$c29 cm.
=504  \\$aIncludes bibliographical references (p. 283-286) and index.
=610  \0$aKasteel de Cannenburch (Museum)$91639
=610  \0$aVan Isendoorn à Blois family$922353
=651  \0$aEpe (Netherlands)$1http://www.wikidata.org/entity/Q238396$9200
=700  \\$aBuurman, D. J. G.$4edt$eEditor$914666
=942  \\$cBOO
=952  \\$00$10$2ddc$40$6TOP_NL_EPE$70$8TOP$911873$aORPH$bORPH$cKTS0$d2020-07-08$eKoopman$i20G07$l0$oTOP NL.EPE$p20128181$r2021-01-12 00:00:00$w2021-01-12$yBOO
=999  \\$c11890$d11890

