=LDR  00892aam a2200205   4500
=001  11892
=008  240102s1996\\\\||||||||\||||\00|\0\dut\d
=020  \\$a9789040098222
=041  \\$adut
=245  \\$aDe Hollandse samenleving in de tijd van Vermeer
=260  \\$aZwolle$bWaanders$c1996
=600  \0$aVermeer, Johannes$d1632-1675$1http://www.wikidata.org/entity/Q41264$99652
=648  \0$a17th Century (1601-1700)$1http://www.wikidata.org/entity/Q7016$920923
=650  \0$aCultural history$1http://www.wikidata.org/entity/Q858517$922395
=651  \0$aNetherlands$1http://www.wikidata.org/entity/Q55$9173
=700  \\$aHaks, Donald$4edt$911366
=700  \\$aSman, M. C. van der$4edt$926899
=942  \\$cBOO
=952  \\$00$10$2ddc$40$6TOP_NL_5_000000000000000$70$8TOP$911875$aORPH$bORPH$cKTS0$d2020-07-08$eKoopman$i20G28$l0$oTOP NL 5$p20128159$r2021-01-12 00:00:00$w2021-01-12$yBOO$OKoopman
=999  \\$d11892

