=LDR  00819aam a2200193   4500
=001  11893
=008  231005s1996\\\\||||||||\||||\00|\0\dut\d
=020  \\$a9789040098246
=041  \\$adut
=245  \\$aDe wereld der geleerdheid rond Vermeer
=260  \\$aZwolle$bWaanders$c1996
=300  \\$a80 pages
=600  \0$1http://www.wikidata.org/entity/Q41264$aVermeer, Johannes$d1632-1675$99652
=648  \0$1http://www.wikidata.org/entity/Q7016$a17th Century (1601-1700)$920923
=650  \0$1http://www.wikidata.org/entity/Q858517$aCultural history$922395
=651  \0$1http://www.wikidata.org/entity/Q55$aNetherlands$9173
=942  \\$cBOO
=952  \\$00$10$2ddc$40$6TOP_NL_5_000000000000000$70$8TOP$911876$aORPH$bORPH$cKTS0$d2020-07-08$eKoopman$i20G29$l0$oTOP NL 5$p20128158$r2021-01-12 00:00:00$w2021-01-12$yBOO$OKoopman
=999  \\$d11893

