=LDR  00526aam a2200145   4500
=001  11894
=008  250903s1991\\\\|||a||||\||||\00|\0\dut\d
=041  \\$adut
=245  \\$aAzulejos
=260  \\$aBrussels$bs.n.$c1991
=650  \0$aPorcelain$1http://www.wikidata.org/entity/Q130693$924926
=651  \0$aPortugal$1http://www.wikidata.org/entity/Q45$9136
=942  \\$cBOO
=952  \\$00$10$2ddc$40$6TOP_PT$70$8TOP$911877$aORPH$bORPH$cKTS0$d2020-07-08$eKoopman$i20G35$l0$oTOP PT$p20128153$r2021-01-12 00:00:00$w2021-01-12$yBOO$OKoopman
=999  \\$d11894

