=LDR  02007aas a2200253   4500
=001  11899
=005  20250925143259.0
=008  220809d1983\\\\|||q||||\||||\00|\0\eng\d
=041  \\$aeng
=110  \\$4edt$aAcademy for the Study and Performance of Early Music (Ann Arbor, MI, USA)$924619
=245  \\$aThe Courant$nvol. 1, nos. 1-3
=260  \\$c1983
=300  \\$a3 vols. (36+40+36 pages)
=505  \\$gvol. 1, no. 1: The Art of the Transverse Flute by M. De Lusse: Translation and Annotation / Robert Lynn -- Some Modern Harpsichord Compositions: A Performer's Critique / Edward Parmentier -- Early Music Dictionary / Michael Lynn$gvol. 1, no. 2: Pythagorean Tuning and its Implications for the Music of the Middle Ages / Edward C. Pepe -- The Virtuoso Female Singer in 17th Century Italy / Susan C. Cook -- Early Music Dictionary / Michael Lynn
$gvol. 1, no. 3: A Personal View of Meantime Temperament / Douglas Leedy -- Notes on an Early Nineteenth-Century Manual for Fortepiano Owners by Andreas Streicher, with an Essay Celebrating the One-Hundred-Fiftieth Anniversary of the Deaths of Nanette and Andreas Streicher / Preethi de Silva
=648  \0$a20th Century (1901-2000)$1http://www.wikidata.org/entity/Q6927$920936
=650  \0$aHistorically informed performance$1http://www.wikidata.org/entity/Q1344860$920980
=651  \0$aUSA$1http://www.wikidata.org/entity/Q30$943
=700  \\$4edt$aLynn, Michael$924617
=700  \\$4edt$aPfeif, Gloria$924618
=942  \\$cPER
=952  \\$00$10$2ddc$3vol. 1, no. 1$40$6PER_CO2$70$8PER$911882$aORPH$bORPH$cKM12_1$d2020-07-08$eKoopman$i21A16$l0$oPER CO2$p20128328$r2021-01-12 00:00:00$w2021-01-12$yPER
=952  \\$00$10$2ddc$3vol. 1, no. 2$40$6PER_CO2$70$8PER$913425$aORPH$bORPH$cKM12_1$d2020-07-08$eKoopman$i18C05$l0$oPER CO2$p20125001$r2021-01-12 00:00:00$w2021-01-12$yPER
=952  \\$00$10$2ddc$3vol. 1, no. 3$40$6PER_CO2$70$8PER$913426$aORPH$bORPH$cKM12_1$d2020-07-08$eKoopman$i18C06$l0$oPER CO2$p20125003$r2021-01-12 00:00:00$w2021-01-12$yPER
=999  \\$d11899

