=LDR  01341cam a2200289 a 4500
=001  11901
=005  20250120115951.0
=008  920603s1991\\\\ne\a\\\\\b\\\\000\0\dut\\
=020  \\$a9066303212 (geb.)
=020  \\$a9066303204 (museumeditie : pbk.)
=040  \\$aOI
=041  0\$aduteng
=245  00$aRembrandt & Lievens in Leiden :$been jong en edel schildersduo = a pair of young and noble painters /$cChristiaan Vogelaar ... [et al.].
=260  \\$aZwolle :$bWaanders ;$aLeiden :$bDe Lakenhal,$cc1991.
=300  \\$a144 p. :$bill. (some col.) ;$c28 cm.
=504  \\$aIncludes bibliographical references (p. 142-143).
=600  \0$aRembrandt$d1606-1669$1http://www.wikidata.org/entity/Q5598$914481
=600  \0$aLievens, Jan,$d1607-1674$914668
=650  \0$aFine art$1http://www.wikidata.org/entity/Q219625$921579
=700  \\$aVogelaar, Christiaan$914669
=710  \\$aStedelijk Museum "De Lakenhal" (Leiden, Netherlands)$91580
=740  0\$aRembrandt en Lievens in Leiden.
=942  \\$cBOO
=952  \\$00$10$2ddc$40$6BIO_REMB_E$70$8BIO$911884$aORPH$bORPH$cKTS1_P$d2020-07-08$eKoopman$i21A22$l0$oBIO REMB e$p20128322$r2021-01-12 00:00:00$w2021-01-12$yBOO$OKoopman
=999  \\$c11901$d11901
=651  \0$aNetherlands$1http://www.wikidata.org/entity/Q55$9173
=648  \0$a17th Century (1601-1700)$1http://www.wikidata.org/entity/Q7016$920923

