=LDR  02496aam a2200313   4500
=001  11902
=005  20251016123353.0
=008  251016s1986\\\\|||ao|||\||||\00|\0\dut\d
=020  \\$a9067071277
=041  \\$adut
=100  1\$aGulik, Willem R. van$4edt$941582
=245  \\$aIn het spoor van de liefde:$bJapans-Nederlandse ontmoetingen sinds 1600
=260  \\$c1986$aAmsterdam$bDe Bataafse Leeuw
=300  \\$a206 pages
=500  \\$aThis publication accompanies the exhibition 'In het Spoor van de Liefde' held at the 'Museum voor Volkenkunde' from 6 September 1986 to 5 January 1987.
=520  \\$aThis book examines the cultural relations that developed between the Netherlands and Japan in the wake of their commercial ties. From economic, social and cultural-historical perspectives, the authors recount the story of the deepening interest that the Japanese and Dutch developed in each other's cultures. As intensive as trade relations with Japan are now, they were minimal in the seventeenth century. Japan's self-imposed isolation virtually ruled out trade with the non-Japanese world. The umbilical cord connecting the Land of the Rising Sun with the rest of the world was formed by a Dutch trading settlement on the island of Deshima in Nagasaki Bay. It would take until 1853 before the isolation was broken by the American navy under the command of Commander Perry. The mutual influence between the Netherlands and Japan remained strong afterwards. (Translated with DeepL.com)
=650  \0$aHistory$1http://www.wikidata.org/entity/Q309$921403
=650  \0$aCultural history$1http://www.wikidata.org/entity/Q858517$922395
=650  \0$aInfluence$1http://www.wikidata.org/entity/Q1307337$1http://www.wikidata.org/entity/Q16578639$922289
=650  \0$aFine art$1http://www.wikidata.org/entity/Q219625$921579
=650  \0$aEconomy$1http://www.wikidata.org/entity/Q159810$921625
=650  \0$aExhibition$1http://www.wikidata.org/entity/Q464980$925353
=651  \0$aJapan$1http://www.wikidata.org/entity/Q17$921369
=651  \0$aNetherlands$1http://www.wikidata.org/entity/Q55$1http://www.wikidata.org/entity/Q29999$9173
=710  2\$aMuseum voor Land- en Volkenkunde (Rotterdam, Netherlands)$941606
=710  \\$aHudig-Langeveldt (Rotterdam/Amsterdam, Netherlands)$941608
=942  \\$cBOO
=952  \\$00$10$2ddc$40$6TOP_JP_5_000000000000000$70$8TOP$911885$aORPH$bORPH$cKTS0$d2020-07-08$eKoopman$i21A26$l0$oTOP JP 5$p20128318$r2021-01-12 00:00:00$w2021-01-12$yBOO$OKoopman
=999  \\$d11902

