=LDR  00326    a2200097   4500
=001  11903
=245  \\$aVeronese e Verona
=260  \\$c1988
=942  \\$cBOO
=952  \\$00$10$2ddc$40$6BIO_VERO2_E$70$8BIO$911886$aORPH$bORPH$cKTS1_P$d2020-07-08$eKoopman$i21A27$l0$oBIO VERO2 e$p20128317$r2021-01-12 00:00:00$w2021-01-12$yBOO$OKoopman
=999  \\$c11903$d11903

