=LDR  01406cam a2200325 a 4500
=001  11906
=005  20250120115951.0
=008  990316s1998\\\\gw\g\\\\\b\\\\101\0\engsd
=010  \\$a   99184415 
=020  \\$a3873971526 (pbk.)
=035  \\$a(OCoLC)40416567
=040  \\$aOHX$cOHX$dORU$dNYP$dDLC
=041  0\$aenggerita
=042  \\$alccopycat
=043  \\$ae-it---
=111  2\$94704$aInternationales Musikwissenschaftliches Johann-Simon-Mayr-Symposion$d(1995 :$cIngolstadt, Germany)
=245  10$aWerk und Leben Johann Simon Mayrs im Spiegel der Zeit :$bBeiträge des Internationalen musikwissenschaftlichen Johann-Simon-Mayr-Symposions 1. bis 3. Dezember 1995 in Ingolstadt /$cFranz Hauk, Iris Winkler (Hrsg.).
=260  \\$aMünchen :$bKatzbichler,$cc1998.
=300  \\$a370 p. :$bill., music ;$c26 cm.
=546  \\$aContributions in English, German and Italian.
=504  \\$aIncludes bibliographical references.
=600  \0$aMayr, Johann Simon$d1763-1845$914672
=650  \0$aComposers$zItaly$vBiography.$91945
=700  \\$aHauk, Franz$914673
=700  \\$aWinkler, Iris,$d-1964$914674
=942  \\$cBOO
=952  \\$00$10$2ddc$40$6BIO_MAYR_D$70$8BIO$911889$aORPH$bORPH$cKTS1_P$d2020-07-08$eKoopman$i21A33$l0$oBIO MAYR d$p20128311$r2021-01-12 00:00:00$w2021-01-12$yBOO$OKoopman
=999  \\$c11906$d11906
=490  \\$aMayr-Studien ;$v1
=651  \0$aItaly$1http://www.wikidata.org/entity/Q38$922

