=LDR  01520aam a2200289   4500
=001  11908
=008  221209s1998\\\\|||a||||\c|||\00|\0ddut\d
=020  \\$a2503507247
=041  \\$adut
=245  \\$aAlbrecht & Isabella 1598-1621
=260  \\$aTurnhout$bBrepols$c1998
=300  \\$a2 vols. (368+311 pages)$billustrations
=600  \0$aAlbert VII$cArchduke of Austria$d1559-1621$1http://www.wikidata.org/entity/Q311452$925451
=600  \0$aIsabella Clara Eugenia$cInfanta of Spain;Archduchess of Austria$d1566-1633$1http://www.wikidata.org/entity/Q158256$925452
=610  \0$aHouse of Habsburg$1http://www.wikidata.org/entity/Q65968$922829
=648  \0$a16th Century (1501-1600)$1http://www.wikidata.org/entity/Q7017$920944
=648  \0$a17th Century (1601-1700)$1http://www.wikidata.org/entity/Q7016$920923
=650  \0$aCourt$922191
=650  \0$aPatronage$1http://www.wikidata.org/entity/Q214092$94245
=650  \0$aFine art$1http://www.wikidata.org/entity/Q219625$921579
=651  \0$aBelgium$1http://www.wikidata.org/entity/Q31$920881
=700  \\$4edt$aDuerloo, Luc$925449
=700  \\$4edt$aThomas, Werner$925450
=942  \\$cBOO
=952  \\$00$10$2ddc$3Essays$40$6BIO_ALBR_E$70$8BIO$911890$aORPH$bORPH$cKTS1_P$d2020-07-08$eKoopman$i21A37a$l0$oBIO ALBR e$p20128307$r2021-01-12 00:00:00$w2021-01-12$yBOO$OKoopman
=952  \\$00$10$2ddc$3Catalogus$40$6BIO_ALBR_E$70$8BIO$911891$aORPH$bORPH$cKTS1_P$d2020-07-08$eKoopman$i21A37b$l0$oBIO ALBR e$p20128306$r2021-01-12 00:00:00$w2021-01-12$yBOO$OKoopman
=999  \\$d11908

