=LDR  00974nam a2200253 a 4500
=001  11910
=005  20250120120511.0
=008  940616s1993\\\\ne\a\\\\\b\\\\001\0\dut\\
=020  \\$a9060176626
=040  \\$aOI
=041  \\$adut
=245  00$aVerzamelen:$bvan rariteitenkabinet tot kunstmuseum
=260  \\$aHeerlen$bOpen Universiteit$aHouten$bGaade$c1993
=300  \\$a491 pages$billustrations (some color)$c29 cm
=504  \\$aIncludes bibliographical references (p. 469-479) and index.
=650  00$aMusic$92062
=650  00$aCollecting$1http://www.wikidata.org/entity/Q208165$92117
=650  00$aCuckoo$1http://www.wikidata.org/entity/Q18845$922474
=700  \\$aBergvelt, Ellinoor$4edt$99532
=700  \\$aMeijers, Debora$4edt$99533
=700  \\$aRijnders, Mieke$99534
=942  \\$cBOO
=952  \\$00$10$2ddc$40$6HUM_BERG$70$8HUM$911893$aORPH$bORPH$cKM12_1$d2020-07-08$eKoopman$i21A43$l1$oHUM BERG$p20128357$r2023-11-20 00:00:00$s2023-10-31$w2021-01-12$yBOO
=999  \\$d11910

