=LDR  01243aam a2200265   4500
=001  11912
=005  20250925143259.0
=008  250228s1966\\\\|||aofg|\||||\01|\0|ger\d
=041  \\$ager
=100  \\$aBollert, Werner$4edt$939811
=245  \\$aSing-Akademie zu Berlin
=260  \\$c1966$aBerlin$bRembrandt
=300  \\$a144 pages
=590  \\$aFestschrift zum 175jährigen Bestehen
=610  \0$aBerliner Singakademie (Berlin, Germany)$1http://www.wikidata.org/entity/Q521789$91299
=648  \0$a18th Century (1701-1800)$1http://www.wikidata.org/entity/Q7015$920899
=648  \0$a19th Century (1801-1900)$1http://www.wikidata.org/entity/Q6955$920935
=648  \0$a20th Century (1901-2000)$1http://www.wikidata.org/entity/Q6927$920936
=650  \0$aMusic history$1http://www.wikidata.org/entity/Q846047$921373
=650  \0$aSinging$1http://www.wikidata.org/entity/Q27939$92767
=650  \0$aMusic education$1http://www.wikidata.org/entity/Q27908$921766
=651  \0$aBerlin (Germany)$1http://www.wikidata.org/entity/Q64$948
=942  \\$cBOO
=952  \\$00$10$2ddc$40$6TOP_DE_BER_5_000000000000000$70$8TOP$911895$aORPH$bORPH$cKTS0$d2020-07-08$eKoopman$i21A45$l0$oTOP DE.BER 5$p20128355$r2021-01-12 00:00:00$w2021-01-12$yBOO$OKoopman
=999  \\$d11912

