=LDR  01832nam a2200337 a 4500
=001  11914
=005  20250925143259.0
=008  981015s1998\\\\gw\a\\\\\b\\\\001\0\ger\\
=020  \\$a3795209315
=040  \\$aOI
=041  \\$ager
=245  00$aMusica imperialis: 500 Jahre Hofmusikkapelle in Wien 1498-1998.$bAusstellung der Musiksammlung der Österreichischen Nationalbibliothek, Prunksaal, Wien I., Josefsplatz I, 11. Mai bis 10. November 1998
=260  \\$aTutzing$bSchneider$c1998
=300  \\$a366 pages$billustrations (some color)$c31 cm
=504  \\$aIncludes bibliographical references and index.
=610  \0$aHouse of Habsburg$1http://www.wikidata.org/entity/Q65968$922829
=648  \0$aRenaissance (1400-1600)$1http://www.wikidata.org/entity/Q4692$920965
=648  \0$a17th Century (1601-1700)$1http://www.wikidata.org/entity/Q7016$920923
=648  \0$a18th Century (1701-1800)$1http://www.wikidata.org/entity/Q7015$920899
=648  \0$a19th Century (1801-1900)$1http://www.wikidata.org/entity/Q6955$920935
=648  \0$a20th Century (1901-2000)$1http://www.wikidata.org/entity/Q6927$920936
=650  \0$aMusic history$1http://www.wikidata.org/entity/Q846047$921373
=650  \0$aCourt$1http://www.wikidata.org/entity/Q1134237$922191
=650  \0$aCappella$1http://www.wikidata.org/entity/Q19902156$922910
=651  \0$aVienna (Austria)$1http://www.wikidata.org/entity/Q1741$920937
=700  \\$aAntonicek, Susanne$914679$4aut
=700  \\$aBrosche, Günter$4edt$914680
=710  \\$aÖsterreichische Nationalbibliothek (Vienna, Austria)$1http://www.wikidata.org/entity/Q304037$4edt$91356
=942  \\$cBOO
=952  \\$00$10$2ddc$40$6TOP_AT_VIE_4_000000000000000$70$8TOP$911897$aORPH$bORPH$cKTS0$d2020-07-08$eKoopman$i21A49$l0$oTOP AT.VIE 4$p20128351$r2021-01-12 00:00:00$w2021-01-12$yBOO$OKoopman
=999  \\$d11914

