=LDR  00970    a2200205   4500
=001  11915
=008  231031s1970\\\\be\f||||\||||\00|\0\dut\d
=041  \\$adut
=110  \\$aRuckers-Genootschap (Antwerp, Belgium)$4edt$926632
=245  \\$aColloquium. Restauratieproblemen van Antwerpse klavecimbels. Museum Vleeshuis, Antwerp 10 tot 12 mei 1970
=260  \\$c1971$aAntwerp$bRuckers Genootschap
=300  \\$a85 pages
=610  \0$aRuckers family$1http://www.wikidata.org/entity/Q63258083$922344
=648  \0$a17th Century (1601-1700)$1http://www.wikidata.org/entity/Q7016$920923
=650  \0$aOrgan$1http://www.wikidata.org/entity/Q1444$92810
=651  \0$aAntwerp (Belgium)$1http://www.wikidata.org/entity/Q12892$920974
=700  \\$aVarious$4ctb$94793
=942  \\$cBOO
=952  \\$00$10$2ddc$40$6INS_3_000000000000000_2B_BE_ANT$70$8INS$911898$aORPH$bORPH$cKTS0$d2020-07-08$eKoopman$i21B42$l0$oINS3.2b BE.ANT$p20128399$r2021-01-12 00:00:00$w2021-01-12$yBOO$OKoopman
=999  \\$d11915

