=LDR  00789    a2200145   4500
=001  11917
=008  231116s1980\\\\gw\a||||\||||\00|\0\ger\d
=041  \\$ager
=110  \\$aTage Alter Musik in Herne (Herne, Germany)$1http://www.wikidata.org/entity/Q2387823$4edt$922695
=245  \\$aTage alter Musik in Herne. Die Viola da gamba.$bEine Musikinstrumentenaustellung der Stadt Herne und eine Konzertreihe des Westdeutschen Rundfunks Köln vom 4. bis 7. Dezember 1980 im Kulturzentrum
=260  \\$c1981$aHerne$bStad Herne
=650  \0$aViola da gamba$1http://www.wikidata.org/entity/Q96066477$93955
=942  \\$cBOO
=952  \\$00$10$2ddc$40$6INS_4_000000000000000_5A$70$8INS$911900$aORPH$bORPH$cKTS0$d2020-07-08$eKoopman$i21C07$l0$oINS4.5a$p20128190$r2021-01-12 00:00:00$w2021-01-12$yBOO$OKoopman
=999  \\$d11917

