=LDR  01316cam a2200277 a 4500
=001  11918
=005  20250926134856.0
=008  960701s1995\\\\gw\agh\\\b\\\\101\0\ger\\
=010  \\$a   96165102 
=020  \\$z3895640113
=035  \\$a(CtY)notisFKE4895
=035  \\$a(CStRLIN)CTYAFKE4895-B
=040  \\$aCtY-Mus$cCtY-Mus$dDLC
=042  \\$alccopycat
=245  14$aDas Frühwerk Johann Sebastian Bachs  :$bKolloquium veranstaltet vom Institut für Musikwissenschaft der Universität Rostock 11.-13. September 1990 /$chrsg. von Karl Heller und Hans-Joachim Schulze.
=246  14$aKolloquium Das Frühwerk Johann Sebastian Bachs
=260  \\$aKöln :$bStudio,$cc1995.
=300  \\$avii, 370 p. :$btabs., music, facsims. ;$c25 cm.
=504  \\$aIncludes bibliographical references and indexes.
=546  \\$aChiefly in German; 3 articles in English.
=600  \0$aBach, Johann Sebastian$d1685-1750$1http://www.wikidata.org/entity/Q1339$94766
=700  \\$aHeller, Karl$c-1935$4edt$1http://www.wikidata.org/entity/Q106675800$911495
=700  \\$aSchulze, Hans-Joachim$d1934-$4edt$1http://www.wikidata.org/entity/Q92055$911725
=942  \\$cBOO
=952  \\$00$10$2ddc$40$6BIO_BACH1_E$70$8BIO$911901$aORPH$bORPH$cKTS1_P$d2020-07-08$eKoopman$i21C28$oBIO BACH1 e$p20128211$r2021-01-12 00:00:00$w2021-01-12$yBOO
=999  \\$d11918

