=LDR  00981nam a2200241 a 4500
=001  11919
=005  20250120115948.0
=008  921007s1992\\\\gw\a\\\\\b\\\\010\0\ger\d
=020  \\$a3795207193
=040  \\$aOI
=041  \\$ager
=100  \\$4dte$aUnverricht, Hubert$d1927-2017$1http://www.wikidata.org/entity/Q1633468$914509
=245  00$aFestschrift Hubert Unverricht zum 65. Geburtstag
=260  \\$aTutzing$bSchneider$c1992
=300  \\$a372 pages$billustrations$c24 cm
=490  \\$aEichstätter Abhandlungen zur Musikwissenschaft$v9
=504  \\$a"Bibliographie Hubert Unverricht": p. 351-372.
=504  \\$aIncludes bibliographical references.
=650  \0$aMusic history$1http://www.wikidata.org/entity/Q846047$921373
=700  \\$aSchlager, Karlheinz$d1938-$4edt$917558
=942  \\$cBOO
=952  \\$00$10$2ddc$40$6REF_4_000000000000000_UNVE$70$8REF$911902$aORPH$bORPH$cKM12_1$d2020-07-08$eKoopman$i21C31$oREF4 UNVE$p20128208$r2021-01-12 00:00:00$w2021-01-12$yBOO
=999  \\$d11919

