=LDR  00337    a2200097   4500
=001  11920
=245  \\$aDer Junge Hans Georg Nägeli
=260  \\$c1937
=942  \\$cBOO
=952  \\$00$10$2ddc$40$6BIO_NÄGE_A$70$8BIO$911903$aORPH$bORPH$cKTS1_P$d2020-07-08$eKoopman$i21C33$l0$oBIO NÄGE a$p20128206$r2021-01-12 00:00:00$w2021-01-12$yBOO$OKoopman
=999  \\$c11920$d11920

