=LDR  01105    a2200229   4500
=001  11925
=008  210928b\\\\\\\\\\\agh||\||||\00|\0dger\d
=041  \\$ager
=245  \\$aTelemann-Renaissance:$bWerk und Wiedergabe
=260  \\$aMagdeburg$c1973
=300  \\$a87 pages
=490  \\$aMagdeburger Telemann-Studien$v4
=590  \\$aBericht über die Wissenschaftliche Arbeitstagung aus Anlaß des 20. Jahrestages des Telemann-Kammerorchesters Sitz Blankenburg/Harz
=600  \0$aTelemann, Georg Philipp$d1681-1767$1http://www.wikidata.org/entity/Q75854$99287
=648  \0$a18th Century (1701-1800)$1http://www.wikidata.org/entity/Q7015$920899
=650  \0$aComposer$1http://www.wikidata.org/entity/Q36834$93625
=650  \0$aPublishing$1http://www.wikidata.org/entity/Q3972943$93049
=650  \0$aMusic history$1http://www.wikidata.org/entity/Q846047$921373
=651  \0$aGermany$1http://www.wikidata.org/entity/Q183$9155
=942  \\$cBOO
=952  \\$00$10$2ddc$40$6BIO_TELE_E$70$8BIO$911908$aORPH$bORPH$cKTS1_P$d2020-07-08$eKoopman$i21C47$oBIO TELE e$p20128239$r2021-01-12 00:00:00$w2021-01-12$yBOO
=999  \\$d11925

