=LDR  02690aam a2200409   4500
=001  11927
=005  20250926135309.0
=008  210928s1986\\\\\\\g||||\||||\00|\0dger\d
=041  \\$ager
=245  \\$aTelemann und seine Freunde:$bKontakte - Einflüsse - Auswirkungen
=260  \\$aMagdeburg$bZentrum für Telemann-Pflege und -Forschung Magdeburg$c1986
=300  \\$a2 volumes (120+112 pages)
=590  \\$aBericht über die Internationale Wissenschaftliche Konferenz anläßlich der 8. Telemann-Festtage der DDR, Magdeburg 15. und 16. März 1984
=600  \0$aTelemann, Georg Philipp$d1681-1767$1http://www.wikidata.org/entity/Q75854$99287
=600  \0$aHandel, George Frideric$d1685-1759$1http://www.wikidata.org/entity/Q7302$94765
=600  \0$aBach, Johann Sebastian$d1685-1750$1http://www.wikidata.org/entity/Q1339$94766
=600  \0$aMarpurg, Friedrich Wilhelm$d1718-1795$1http://www.wikidata.org/entity/Q548897$94794
=600  \0$aMattheson, Johann$d1681-1764$1http://www.wikidata.org/entity/Q170333$95222
=600  \0$aBach, Carl Philipp Emanuel$d1714-1788$1http://www.wikidata.org/entity/Q76428$99218
=600  \0$aGraun, Carl Heinrich$d1704-1759$1http://www.wikidata.org/entity/Q161208$96249
=600  \0$aRolle, Johann Heinrich$d1716-1785$1http://www.wikidata.org/entity/Q515784$96866
=600  \0$aPisendel, Johann Georg$d1687-1755$1http://www.wikidata.org/entity/Q508635$914818
=600  \0$aMarcello, Benedetto$d1686-1739$1http://www.wikidata.org/entity/Q312784$95459
=600  \0$aUffenbach, Johann Friedrich Armand von$d1687-1769$1http://www.wikidata.org/entity/Q3180542$97298
=648  \0$a18th Century (1701-1800)$1http://www.wikidata.org/entity/Q7015$920899
=650  \0$aComposer$1http://www.wikidata.org/entity/Q36834$93625
=650  \0$aBiography$1http://www.wikidata.org/entity/Q36279$91927
=650  \0$aCorrespondence$1http://www.wikidata.org/entity/Q1784733$921392
=650  \0$aInfluence$1http://www.wikidata.org/entity/Q1307337$922289
=700  \\$4edt$aBaselt, Bernd$d1934-1993$1http://www.wikidata.org/entity/Q75130$914558
=700  \\$4edt$aFleischhauer, Günter$d1928-2002$1http://www.wikidata.org/entity/Q72937039$910889
=700  \\$4edt$aHobohm, Wolf$99448
=700  \\$4edt$aSiegmund-Schultze, Walther$d1916-1993$1http://www.wikidata.org/entity/Q826691$914064
=942  \\$cBOO
=952  \\$00$10$2ddc$3Teil 1$40$6BIO_TELE_E$70$8BIO$911910$aORPH$bORPH$cKTS1_P$d2020-07-08$eKoopman$i21C49a$oBIO TELE e$p20128235$r2021-01-12 00:00:00$w2021-01-12$yBOO
=952  \\$00$10$2ddc$3Teil 2$40$6BIO_TELE_E$70$8BIO$911911$aORPH$bORPH$cKTS1_P$d2020-07-08$eKoopman$i21C49b$oBIO TELE e$p20128234$r2021-01-12 00:00:00$w2021-01-12$yBOO
=999  \\$d11927

