=LDR  01117cam a2200217 a 4500
=001  11929
=008  971204s1997\\\\nl\af\\\\b\\\\001\0\dut\\
=041  \\$adut
=245  00$aHerschapen schoonheid.$bHet Bader-orgel in de St. Walburgiskerk te Zutphen
=260  \\$aZutphen $bWalburg Pers $bStichting Henrick Baederorgel$aZeist $bRijksdienst voor de Monumentenzorg$c1997
=300  \\$a256 pages$bill. (some col.) $c25 cm
=490  \\$aNederlandse orgelmonografieën$v1
=504  \\$aIncludes bibliographical references (p. 247-248) and index.
=610  \0$aSt. Walburgskerk (Zutphen, Netherlands)$1http://www.wikidata.org/entity/Q1689911$91643
=650  \0$aOrgan$1http://www.wikidata.org/entity/Q1444$92810
=650  \0$aOrganology$1http://www.wikidata.org/entity/Q899293$921400
=651  \0$aZutphen (Netherlands)$1http://www.wikidata.org/entity/Q109535$924930
=700  \\$aMatter, Fred$4edt$914683
=942  \\$cBOO
=952  \\$00$10$2ddc$40$6INS_3_000000000000000_1E_NL_ZUT$70$8INS$911912$aORPH$bORPH$cKTS0$d2020-07-08$eKoopman$i21D03$l0$oINS3.1e NL.ZUT$p20128300$r2021-01-12 00:00:00$w2021-01-12$yBOO$OKoopman
=999  \\$d11929

