=LDR  01022aam a2200217   4500
=001  11930
=005  20250925143259.0
=008  210826s1957\\\\\\\|||||\||||\10|\0\mul\d
=041  \\$ager
=245  \\$aKongress-bericht Gesellschaft für Musikforschung Hamburg 1956
=260  \\$aKassel$bBärenreiter$c1957
=300  \\$a248 pages
=610  \0$aInternational Musicological Society (Basel, Switzerland)$1http://www.wikidata.org/entity/Q1666780$91748
=648  \0$a20th Century (1901-2000)$1http://www.wikidata.org/entity/Q6927$920936
=650  \0$aMusicology$1http://www.wikidata.org/entity/Q164204$93925
=700  \\$4edt$aGerstenberg, Walter$d1904-1988$921114
=700  \\$4edt$aHusmann, Heinrich$d1908-1983$918105
=700  \\$4edt$aHeckmann, Harald$d1924-2023$1http://www.wikidata.org/entity/Q1584532$912001
=942  \\$cBOO
=952  \\$00$10$2ddc$40$6REF_3_000000000000000_GERS$70$8REF$911913$aORPH$bORPH$cKM12_1$d2020-07-08$eKoopman$i21D04$l1$oREF3 GERS$p20128299$r2022-08-02 00:00:00$s2022-06-30$w2021-01-12$yBOO
=999  \\$d11930

