=LDR  01092    a2200241   4500
=001  11931
=005  20251003085459.0
=008  230912s1990\\\\gw\ao|||\||||\00|\0\ger\d
=041  \\$ager
=245  \\$aCembalo und Virginal.$bRabenkel und Büffelleder-Cembali del 18.Jahrhunderts
=260  \\$c1990$aHerne$bStadt Herne
=300  \\$a106 pages
=650  \0$1http://www.wikidata.org/entity/Q2352616$aCatalogue$921484
=650  \0$1http://www.wikidata.org/entity/Q922337$aVirginal$923762
=650  \0$1http://www.wikidata.org/entity/Q81982$aHarpsichord$92125
=650  \0$1http://www.wikidata.org/entity/Q901207$aKeyboard$923503
=651  \0$1http://www.wikidata.org/entity/Q183$aGermany$9155
=700  \\$aHengelhaupt, Joachim$4win$926481
=700  \\$aVarious$4ctb$94793
=710  \\$aTage Alter Musik in Herne (Herne, Germany)$1http://www.wikidata.org/entity/Q2387823$4edt$922695
=942  \\$cBOO
=952  \\$00$10$2ddc$40$6INS_3_000000000000000_2B_DE$70$8INS$911914$aORPH$bORPH$cKTS0$d2020-07-08$eKoopman$i21D05$l0$oINS3.2b DE$p20128298$r2021-01-12 00:00:00$w2021-01-12$yBOO$OKoopman
=999  \\$d11931

