=LDR  00627    a2200193   4500
=001  11932
=003  OSt
=005  20230122211018.0
=008  210209b\\\\\\\\\\\|||||\||||\00|\0\eng\d
=020  \\$a3890070493
=040  \\$cST
=041  \\$ager
=100  \\$4aut$aVarious$94793
=245  \\$aGeistliche Musik.$bStudien zu ihrer Geschiche und Funktion im 18. und 19. Jahrhundert
=260  \\$c1985$bLaaber-Verlag
=300  \\$a236 pages
=942  \\$cBOO$2ddc
=952  \\$00$10$2ddc$40$6GEN_2_000000000000000$70$8GEN$911915$aORPH$bORPH$cKM12_1$d2020-07-08$eKoopman$l0$oGEN 2$p20128297$r2021-01-12 00:00:00$w2021-01-12$yBOO
=999  \\$c11932$d11932

