=LDR  01284cam a2200253 a 4500
=001  11933
=005  20250205110319.0
=008  940620s1993\\\\gw\adg\\\b\\\\101\0dger\\
=020  \\$a3795207665
=040  \\$aOI
=041  0\$ager$aeng
=245  10$aInternationaler Musikwissenschaftlicher Kongress zum Mozartjahr 1991, Baden-Wien
=260  \\$aTutzing$bSchneider$c1993
=300  \\$a2 volumes (1061 pages)$billustrations, charts, music$c24 cm
=504  \\$aIncludes bibliographical references and indexes.
=505  0\$aBd. 1. Hauptsektionen -- Bd. 2. Free papers.
=600  \0$aMozart, Wolfgang Amadeus$d1756-1791$1http://www.wikidata.org/entity/Q254$95341
=648  \0$a18th Century (1701-1800)$1http://www.wikidata.org/entity/Q7015$920899
=650  \0$aComposer$1http://www.wikidata.org/entity/Q36834$93625
=651  \0$aAustria$1http://www.wikidata.org/entity/Q40$9202
=942  \\$cBOO
=952  \\$00$10$2ddc$3Band I: Hauptsektionen$40$6BIO_MOZA1_E$70$8BIO$911916$aORPH$bORPH$cKTS1_P$d2020-07-08$eKoopman$i21D07a$oBIO MOZA1 e$p20128296$r2021-01-12 00:00:00$w2021-01-12$yBOO
=952  \\$00$10$2ddc$3Band II: Free Papers$40$6BIO_MOZA1_E$70$8BIO$911917$aORPH$bORPH$cKTS1_P$d2020-07-08$eKoopman$i21D07b$oBIO MOZA1 e$p20128295$r2021-01-12 00:00:00$w2021-01-12$yBOO$OKoopman
=999  \\$d11933

