=LDR  01334    a2200241   4500
=001  11936
=008  210928s1969\\\\\\\ag|||\||||\00|\0bger\d
=041  \\$ager
=245  \\$aGeorg Philipp Telemann:$bEin bedeutender Meister der Aufklärungsepoche
=260  \\$aMagdeburg$c1969
=300  \\$a2 vols. (124+100 pages)
=590  \\$aKonferenzbericht der 3. Magdeburger Telemann-Festtage
=600  \0$aTelemann, Georg Philipp$d1681-1767$1http://www.wikidata.org/entity/Q75854$99287
=648  \0$a18th Century (1701-1800)$1http://www.wikidata.org/entity/Q7015$920899
=650  \0$aComposer$1http://www.wikidata.org/entity/Q36834$93625
=650  \0$aBiography$1http://www.wikidata.org/entity/Q36279$91927
=651  \0$aGermany$1http://www.wikidata.org/entity/Q183$9155
=700  \\$4edt$aFleischhauer, Günter$d1928-2002$1http://www.wikidata.org/entity/Q72937039$910889
=700  \\$4edt$aSiegmund-Schultze, Walther$d1916-1993$1http://www.wikidata.org/entity/Q826691$914064
=942  \\$cBOO
=952  \\$00$10$2ddc$3I. Teil$40$6BIO_TELE_E$70$8BIO$911919$aORPH$bORPH$cKTS1_P$d2020-07-08$eKoopman$i21D13$oBIO TELE e$p20128289$r2021-01-12 00:00:00$w2021-01-12$yBOO
=952  \\$00$10$2ddc$3II. Teil$40$6BIO_TELE_E$70$8BIO$911920$aORPH$bORPH$cKTS1_P$d2020-07-08$eKoopman$i21D14$oBIO TELE e$p20128288$r2021-01-12 00:00:00$w2021-01-12$yBOO
=999  \\$d11936

