=LDR  01676aam a2200277   4500
=001  11941
=005  20251103165736.0
=008  210924s1983\\\\\\\|||||\||||\00|\0dger\d
=041  \\$ager
=245  \\$aDie Bedeutung Georg Philipp Telemanns für die Entwicklung der europäischen Musikkultur im 18. Jahrhundert
=260  \\$aMagdeburg$c1983
=300  \\$a3 volumes
=590  \\$aBericht über die Internationale Wissenschaftliche Konferenz anläßlich der Georg-Philipp-Telemann-Ehrung der DDR, Magdeburg 12. bis 18. März 1981
=600  \0$aTelemann, Georg Philipp$d1681-1767$1http://www.wikidata.org/entity/Q75854$99287
=650  \0$aLegacy$1http://www.wikidata.org/entity/Q623282$922131
=650  \0$aComposer$1http://www.wikidata.org/entity/Q36834$93625
=650  \0$aMusic history$1http://www.wikidata.org/entity/Q846047$921373
=651  \0$aEurope$1http://www.wikidata.org/entity/Q46$991
=700  \\$4edt$aFleischhauer, Günter$d1928-2002$1http://www.wikidata.org/entity/Q72937039$910889
=700  \\$4edt$aHobohm, Wolf$99448
=700  \\$4edt$aSiegmund-Schultze, Walther$d1916-1993$1http://www.wikidata.org/entity/Q826691$914064
=942  \\$cBOO
=952  \\$00$10$2ddc$3Teil 1$40$6BIO_TELE_E$70$8BIO$911924$aORPH$bORPH$cKTS1_P$d2020-07-08$eKoopman$i21D18$oBIO TELE e$p20128284$r2021-01-12 00:00:00$w2021-01-12$yBOO
=952  \\$00$10$2ddc$3Teil 2$40$6BIO_TELE_E$70$8BIO$911925$aORPH$bORPH$cKTS1_P$d2020-07-08$eKoopman$i21D18$oBIO TELE e$p20128283$r2021-01-12 00:00:00$w2021-01-12$yBOO
=952  \\$00$10$2ddc$3Teil 3$40$6BIO_TELE_E$70$8BIO$911926$aORPH$bORPH$cKTS1_P$d2020-07-08$eKoopman$i21D18$oBIO TELE e$p20128282$r2021-01-12 00:00:00$w2021-01-12$yBOO
=999  \\$d11941

