=LDR  01438cam a2200313 a 4500
=001  11946
=005  20250210102244.0
=008  941220s1994\\\\gw\ag\\\\b\\\\011\0dger\d
=010  \\$a   95162825 
=020  \\$a3928703323
=040  \\$aOI
=041  \\$ager
=100  \\$4dte$aRuhnke, Martin$d1921-2004$914685
=245  00$aAuf der gezeigten Spur: Beiträge zur Telemannforschung.$bFestgabe Martin Ruhnke zum 70. Geburtstag am 14. Juni 1991
=260  \\$aOschersleben$bZiethen$c1994
=300  \\$a206 pages$bill., music ;$c21 cm.
=490  \\$aMagdeburger Telemann-Studien$v13
=504  \\$aIncludes bibliographical references (p. 205-206) and index.
=590  \\$aherausgegeben von Wolfgang Hirschmann, Wolf Hobohm und Carsten Lange im Auftrag des Zentrums für Telemann-Pflege und -Forschung Magdeburg.
=600  \0$aTelemann, Georg Philipp$d1681-1767$1http://www.wikidata.org/entity/Q75854$99287
=648  \0$a18th Century (1701-1800)$1http://www.wikidata.org/entity/Q7015$920899
=650  \0$aComposer$1http://www.wikidata.org/entity/Q36834$93625
=651  \0$aGermany$1http://www.wikidata.org/entity/Q183$9155
=700  \\$aHirschmann, Wolfgang$4edt$911592
=700  \\$aHobohm, Wolf$4edt$99448
=700  \\$aLange, Carsten$4edt$914686
=942  \\$cBOO
=952  \\$00$10$2ddc$40$6BIO_TELE_E$70$8BIO$911929$aORPH$bORPH$cKTS1_P$d2020-07-08$eKoopman$i21D24$oBIO TELE e$p20128278$r2021-01-12 00:00:00$w2021-01-12$yBOO
=999  \\$d11946

