=LDR  01436nam a2200289 a 4500
=001  11947
=005  20251027130453.0
=008  950501s1994\\\\it\\\\\\\b\\\\101\0\ita\|
=041  0\$aita
=245  03$aLa musica a Roma attraverso le fonti d'archivio:$batti del convegno internazionale, Roma 4-7 giugno 1992
=260  \\$aLucca$bLibreria Musicale Italiana$c1994
=300  \\$axiii-644 pages$c26 cm
=490  \\$aStrumenti della ricerca musicale$v2
=504  \\$aIncludes bibliographical references and index.
=546  \\$aArticles chiefly in Italian; two articles in English and one in French.
=648  \0$a16th Century (1501-1600)$1http://www.wikidata.org/entity/Q7017$920944
=648  \0$a17th Century (1601-1700)$1http://www.wikidata.org/entity/Q7016$920923
=648  \0$a18th Century (1701-1800)$1http://www.wikidata.org/entity/Q7015$920899
=648  \0$a19th Century (1801-1900)$1http://www.wikidata.org/entity/Q6955$920935
=650  \0$aMusic history$1http://www.wikidata.org/entity/Q846047$921373
=651  \0$aRome (Italy)$1http://www.wikidata.org/entity/Q220$949
=700  \\$aAntolini, Bianca Maria$4edt$914564
=700  \\$aMorelli, Arnaldo$4edt$912866
=700  \\$aSpagnuolo, Vera Vita$4edt$914687
=942  \\$cBOO
=952  \\$00$10$2ddc$40$6TOP_IT_ROM_5_000000000000000$70$8TOP$911930$aORPH$bORPH$cKTS0$d2020-07-08$eKoopman$i21D25$l0$oTOP IT.ROM 5$p20128277$r2021-01-12 00:00:00$w2021-01-12$yBOO$OKoopman
=999  \\$d11947

