=LDR  01043    a2200253   4500
=001  11949
=008  211118s1996\\\\\\\|||||\||||\00|\0\ger\d
=041  \\$ager
=100  \\$4aut$aVarious$94793
=245  \\$a250 Jahre Hildebrandt orgel
=260  \\$aNaumburg$bSchmidt$c1996
=300  \\$a61 pages
=336  \\$aprinted
=610  \0$aHildebrandt family$1http://www.wikidata.org/entity/Q28150705$922948
=648  \0$a18th Century (1701-1800)$1http://www.wikidata.org/entity/Q7015$920899
=650  \0$aOrgan$1http://www.wikidata.org/entity/Q1444$92810
=651  \0$aGermany$1http://www.wikidata.org/entity/Q183$9155
=651  \0$aNaumburg (Saale, Germany)$1http://www.wikidata.org/entity/Q15986$922950
=700  \\$4ctb$aReichling, Alfred$915751
=700  \\$4ctb$aSchrammek, Winfried$924026
=700  \\$4ctb$aJakob, Friedrich$911825
=942  \\$cBOO
=952  \\$00$10$2ddc$40$6INS_3_000000000000000_1E_DE_NAU$70$8INS$911932$aORPH$bORPH$cKTS0$d2020-07-08$eKoopman$i21D36$oINS3.1e DE.NAU$p20128266$r2021-01-12 00:00:00$w2021-01-12$yBOO
=999  \\$d11949

