=LDR  01252nam a2200277 a 4500
=001  11950
=005  20250925143259.0
=008  900911s1990\\\\ne\a\\\\\b\\\\010\0ddut\\
=020  \\$a9061683262 :$cfl 39.50
=040  \\$aOI
=041  \\$adut
=245  00$aTerugstrevend naar ginds:$bde wereld van Helene Nolthenius
=260  \\$aNijmegen$bSUN$c1990
=300  \\$a286 pages$billustrations (some color)$c22 cm
=504  \\$a"Beknopte bibliografie van Helene Nolthenius": p. 283-284.
=504  \\$aIncludes bibliographical references.
=600  \0$1http://www.wikidata.org/entity/Q1819178$aNolthenius, Hélène$d1920-2000$914688
=648  \0$1http://www.wikidata.org/entity/Q6927$a20th Century (1901-2000)$920936
=650  \0$aMusicologist$1http://www.wikidata.org/entity/Q14915627$92342
=650  \0$aBiography$1http://www.wikidata.org/entity/Q36279$91927
=651  \0$1http://www.wikidata.org/entity/Q55$aNetherlands$9173
=700  \\$aMulder, Etty$d1946-$1http://www.wikidata.org/entity/Q13579057$4edt$914689
=700  \\$aMol, Pieter-Jan$914690$4edt
=942  \\$cBOO
=952  \\$00$10$2ddc$40$6BIO_NOLT_B$70$8BIO$911933$aORPH$bORPH$cKTS1_P$d2020-07-08$eKoopman$i21D45$oBIO NOLT b$p20128257$r2021-01-12 00:00:00$w2021-01-12$yBOO$OKoopman
=999  \\$d11950

