=LDR  01041cam a2200253 a 4500
=001  11952
=005  20250925120742.0
=008  960318s1995\\\\ne\a\\\\\b\\\\000\0\dut\\
=020  \\$a9021450046
=040  \\$aOI
=041  \\$adut
=245  00$aA is een aapje:$bopstellen over ABC-boeken van de vijftiende eeuw tot heden
=260  \\$aAmsterdam$bQuerido$c1995
=300  \\$a157 pages$bill. (some col.)$c24 cm
=504  \\$aIncludes bibliographical references.
=648  \0$aPast$1http://www.wikidata.org/entity/Q192630$922196
=650  \0$aAlphabet book$1http://www.wikidata.org/entity/Q595801$94132
=651  \0$aNetherlands$1http://www.wikidata.org/entity/Q55$9173
=700  \\$aLinden, Jaap ter$d1947-$4edt$1http://www.wikidata.org/entity/Q1384791$914691
=700  \\$aVries, Anne de$d-1944$4edt$914692
=700  \\$aWelsink, Dick$914693
=942  \\$cBOO
=952  \\$00$10$2ddc$40$6BIB_2_000000000000000_VRIE$70$8BIB$911935$aORPH$bORPH$cKTS0$d2020-07-08$eKoopman$i21D52$oBIB2 VRIE$p20128250$r2021-01-12 00:00:00$w2021-01-12$yBOO
=999  \\$d11952

