=LDR  01145cam a2200229 a 4500
=001  11953
=008  910409s1990\\\\gw\a\\\\\b\\\\001\0dger\\
=020  \\$a3761810059
=041  \\$ager
=245  00$aOrgelkunst und Orgelforschung.$bGedenkschrift Rudolf Reuter
=260  \\$aKassel $aNew York $bBärenreiter$c1990
=300  \\$a280 pages$bill.$c26 cm
=490  \\$aVeröffentlichungen der Orgelwissenschaftlichen Forschungsstelle im Musikwissenschaftlichen Seminar der Westfälischen Wilhelms-Universität Münster$vNr. 15
=504  \\$a"Bibliographie Rudolf Reuter": p. 263-271.
=504  \\$aIncludes bibliographical references and indexes.
=650  \0$aOrgan$1http://www.wikidata.org/entity/Q1444$92810
=650  \0$aOrganology$1http://www.wikidata.org/entity/Q899293$921400
=650  \0$aOrgan music$1http://www.wikidata.org/entity/Q2003283$91951
=700  \\$aSchlepphorst, Winfried$d1937-2006$4edt$1http://www.wikidata.org/entity/Q2584296$913884
=942  \\$cBOO
=952  \\$00$10$2ddc$40$6INS_3_000000000000000_1D$70$8INS$911936$aORPH$bORPH$cKTS0$d2020-07-08$eKoopman$i21E12$oINS3.1d$p20125416$r2021-01-12 00:00:00$w2021-01-12$yBOO
=999  \\$d11953

