=LDR  00795aam a2200193   4500
=001  11954
=008  230222s1984\\\\||||||||\||||\00|\0\mul\d
=041  \\$adut
=100  \\$4dte$aLiebaers, Herman$d1919-2010$1http://www.wikidata.org/entity/Q3134081$912405
=245  \\$aLiber Amicorum Herman Liebaers
=260  \\$aBrussels$bErasmus$c1984
=650  \0$aMusic history$1http://www.wikidata.org/entity/Q846047$921373
=700  \\$4edt$aVanwijngaerden, Frans$922032
=700  \\$4edt$aDuvosquel, Jean-Marie$922033
=700  \\$4edt$922034$aMélard, Josette
=700  \\$4edt$922035$aViaene-Awouters, Lieve
=942  \\$cBOO
=952  \\$00$10$2ddc$40$6REF_4_000000000000000_LIEB$70$8REF$911937$aORPH$bORPH$cKM12_1$d2020-07-08$eKoopman$i21E17$oREF4 LIEB$p20125468$r2021-01-12 00:00:00$w2021-01-12$yBOO
=999  \\$d11954

