=LDR  01751cam a2200337 a 4500
=001  11956
=005  20250219112041.0
=008  960719s1994\\\\gw\a\\\\\bc\\\000\0\ger\\
=020  \\$a3795410673
=040  \\$aOI
=041  \\$ager
=245  00$aMusica divina.$bAusstellung zum 400. Todesjahr von Giovanni Pierluigi da Palestrina und Orlando di Lasso und zum 200. Geburtsjahr von Carl Proske
=260  \\$aRegensburg$bSchnell & Steiner$c1994
=300  \\$a162 pages$billustrations$c24 cm
=490  1\$aKataloge und Schriften / Bischöfliches Zentralarchiv und Bischöfliche Zentralbibliothek Regensburg$v11
=504  \\$aIncludes bibliographical references.
=600  \0$aPalestrina, Giovanni Pierluigi da$dc. 1525-1594$1http://www.wikidata.org/entity/Q179277$910834
=600  \0$aLassus, Orlandus$d1530/32-1594$1http://www.wikidata.org/entity/Q154792$96856
=600  \0$aProske, Carl$d1794-1861$1http://www.wikidata.org/entity/Q75028$914698
=610  \0$aBischöfliches Zentralarchiv Regensburg (Germany)$91647
=648  \0$a16th Century (1501-1600)$1http://www.wikidata.org/entity/Q7017$920944
=648  \0$a19th Century (1801-1900)$1http://www.wikidata.org/entity/Q6955$920935
=650  \0$aComposer$1http://www.wikidata.org/entity/Q36834$93625
=650  \0$aExhibition$1http://www.wikidata.org/entity/Q464980$925353
=651  \0$aRegensburg (Germany)$1http://www.wikidata.org/entity/Q2978$9201
=700  \\$aChrobak, Werner$4aut$914699
=700  \\$aHaberkamp, Gertraut$d1937-2023$4aut$911338
=700  \\$aHoyer, Johannes$4aut$911343
=942  \\$cBOO
=952  \\$00$10$2ddc$40$6BIO_PALE_E$70$8BIO$911939$aORPH$bORPH$cKTS1_P$d2020-07-08$eKoopman$i21E41$l0$oBIO PALE e$p20125443$r2021-01-12 00:00:00$w2021-01-12$yBOO$OKoopman
=999  \\$d11956

