=LDR  01656aam a2200229   4500
=001  11957
=008  241125s1988\\\\|||a||||\||||\00|\0\ger\d
=020  \\$a3901014012
=041  \\$ager
=100  \\$aEhrenfellner, Karl$4edt$939238
=245  \\$aSalzburger Museum Carolino Augusteum Jahresschrift 34/1988
=260  \\$c1990$aSalzburg$bSalzburger Museum Carolino Augusteum
=300  \\$a248 pages
=505  \\$gKurt Birsak: Klaviere im Salzburger Museum Carolino Augusteum;
Maribel Meisel: The pedal pianos by Johann Schmid; 
Peter Kukelka: Der Kielflügel B 13/4 – Versuch einer Funktionsdeutung; 
Alfons Huber: Dokumentation über die Restaurierung eines Clavichordes von Chr. F. Schmahl. 
Robert Brown: Bauplan des Johann-Schmid-Flügels von 1794. 
Stefan Gschwendtner: Überlegungen zur Auswertung vorgefundener „originaler“ bzw. alter Saitenbezüge bei Saitenklavieren; 
Alfons Huber: Saitendrahtsysteme im Wiener Klavierbau zwischen 1780 und 1880. 
Kurt Birsak: Anhang zum Verzeichnis der Saitenklaviere (Mensurtabellen). 
=650  \0$aKeyboard instrument$1http://www.wikidata.org/entity/Q52954$92849
=650  \0$aOrganology$1http://www.wikidata.org/entity/Q899293$921400
=650  \0$aConservation and restoration$1http://www.wikidata.org/entity/Q217102$922845
=651  \0$aSalzburg (Austria)$1http://www.wikidata.org/entity/Q34713$921433
=710  \\$aSalzburger Museum Carolino Augusteum (Austria)$1http://www.wikidata.org/entity/Q2215920$939236
=942  \\$cBOO
=952  \\$00$10$2ddc$40$6TOP_AT_SAL$70$8TOP$911940$aORPH$bORPH$cKTS0$d2020-07-08$eKoopman$i21E45$l0$oTOP AT.SAL$p20125439$r2021-01-12 00:00:00$w2021-01-12$yBOO$OKoopman
=999  \\$d11957

