=LDR  01226aam a2200265   4500
=001  11959
=008  250423s1993\\\\|||ao|||\||||\00|\0\ger\d
=020  \\$a3921865042
=041  \\$ager
=245  \\$aSt. Valentinuskirche in Kiedrich 1493-1993.
=260  \\$c1993$aKiedrich$bKatholishes Pfarramt St. Valentin, Kiedrich
=300  \\$a144 pages
=590  \\$aZur 500-Jahrfeier ihrer Vollendung
=650  \0$aChurch$1http://www.wikidata.org/entity/Q16970$93776
=650  \0$aArchitecture$1http://www.wikidata.org/entity/Q12271$93185
=650  \0$aParament$1http://www.wikidata.org/entity/Q154262$939865
=650  \0$aPlainchant$1http://www.wikidata.org/entity/Q2707688$921363
=650  \0$aOrgan$1http://www.wikidata.org/entity/Q1444$92810
=650  \0$aReligion$1http://www.wikidata.org/entity/Q9174$93062
=650  \0$aMusic history$1http://www.wikidata.org/entity/Q846047$921373
=650  \0$aHistory$1http://www.wikidata.org/entity/Q309$921403
=651  \0$aKiedrich (Germany)$1http://www.wikidata.org/entity/Q627351$923939
=942  \\$cBOO
=952  \\$00$10$2ddc$40$6TOP_DE_KIE2$70$8TOP$911942$aORPH$bORPH$cKTS0$d2020-07-08$eKoopman$i21E51$l0$oTOP DE.KIE2$p20125433$r2021-01-12 00:00:00$w2021-01-12$yBOO$OKoopman
=999  \\$d11959

