=LDR  01743aam a2200325   4500
=001  11962
=005  20250926134856.0
=008  210624s1985\\\\\\\|||||\||||\00|\0dger\d
=041  \\$ager
=245  \\$aKomponisten, auf Werk und Leben befragt
=260  \\$aLeipzig$bVEB Deutscher Verlag für Musik$c1985
=600  \0$aBach, Johann Sebastian$d1685-1750$1http://www.wikidata.org/entity/Q1339$94766
=600  \0$aMüthel, Johann Gotffried$d1728-1788$1http://www.wikidata.org/entity/Q215995$96349
=600  \0$aTelemann, Georg Philipp$d1681-1767$1http://www.wikidata.org/entity/Q75854$99287
=600  \0$aHandel, George Frideric$d1685-1759$1http://www.wikidata.org/entity/Q7302$94765
=600  \0$aHaydn, Joseph$d1732-1809$1http://www.wikidata.org/entity/Q7349$94783
=600  \0$aMozart, Wolfgang Amadeus$d1756-1791$1http://www.wikidata.org/entity/Q254$95341
=600  \0$aScheibe, Johann Adolph$d1708-1776$1http://www.wikidata.org/entity/Q213705$98967
=600  10$aBirnbaum, Johann Abraham$d1702-1748$1http://www.wikidata.org/entity/Q60845257$97291
=600  \0$aMizler, Lorenz Christoph$d1711-1778$921447
=648  \0$a18th Century (1701-1800)$1http://www.wikidata.org/entity/Q7015$920899
=650  \0$aMusic history$1http://www.wikidata.org/entity/Q846047$921373
=650  \0$aBiography$1http://www.wikidata.org/entity/Q36279$91927
=650  \0$aComposer$1http://www.wikidata.org/entity/Q36834$93625
=700  \\$4edt$aGoldschmidt, Hugo$d1859-1920$911191
=700  \\$4edt$aKnepler, Georg$916856
=700  \\$4edt$aNiemann, Konrad$921779
=942  \\$cBOO
=952  \\$00$10$2ddc$40$6GHM_0_000000000000000$70$8GHM$911945$aORPH$bORPH$cKM12_1$d2020-07-08$eKoopman$i21F01$oGHM0$p20125507$r2021-01-12 00:00:00$w2021-01-12$yBOO
=999  \\$d11962

