=LDR  00879cam a2200229 a 4500
=001  11963
=005  20250120115951.0
=008  871210s1986\\\\gw\a\\\\\b\\\\010\0\ger\\
=020  \\$a3761807767
=040  \\$aOI
=041  \\$ager
=100  \\$4dte$aForchert, Arno$d1925-2011$918214
=245  00$aFestschrift Arno Forchert zum 60. Geburtstag am 29. Dezember 1985.
=260  \\$aKassel$aNew York$bBärenreiter$c1986
=300  \\$a319 pages$bill. ;$c24 cm.
=504  \\$aIncludes bibliographical references.
=700  \\$aAllroggen, Gerhard$4edt$914701
=700  \\$aAltenburg, Detlef$4edt$914702
=942  \\$cBOO
=952  \\$00$10$2ddc$40$6REF_4_000000000000000_FORC$70$8REF$911946$aORPH$bORPH$cKM12_1$d2020-07-08$eKoopman$i21F04$l0$oREF 4 FORC$p20125504$r2021-01-12 00:00:00$w2021-01-12$yBOO
=999  \\$c11963$d11963
=650  \0$aMusic history$1http://www.wikidata.org/entity/Q846047$921373

