=LDR  01330nam a2200289 a 4500
=001  11964
=005  20250121142128.0
=008  880106s1984\\\\gw\ag\\\\b\\\\110\0\ger\\
=020  \\$a3873973324
=040  \\$aOI
=245  00$aMusik am Hof Maria Theresias.$bin memoriam Vera Schwarz$c   
=260  \\$aMünchen$bMusikverlag E. Katzbichler$c1984
=300  \\$a182 pages$bill., music ;$c24 cm.
=490  \\$aBeiträge zur Aufführungspraxis$v6
=504  \\$aIncludes bibliographies.
=600  \0$aSchwarz, Vera$d1929-1980$915678
=600  \0$aMaria Theresia$cEmpress of Austria$d1717-1780$1http://www.wikidata.org/entity/Q131706$913931
=648  \0$a18th Century (1701-1800)$1http://www.wikidata.org/entity/Q7015$920899
=650  \0$aMusic history$1http://www.wikidata.org/entity/Q846047$921373
=650  \0$aCourt$1http://www.wikidata.org/entity/Q1134237$922191
=651  \0$aVienna (Austria)$1http://www.wikidata.org/entity/Q1741$920937
=700  \\$aSchwarz, Vera$d-1929$915678
=700  \\$aKarpf, Roswitha Vera$914705
=710  \\$aKunstuniversität Graz (Austria)$1http://www.wikidata.org/entity/Q875147$91648
=942  \\$cBOO
=952  \\$00$10$2ddc$40$6TOP_AT_VIE_5_000000000000000$70$8TOP$911947$aORPH$bORPH$cKTS0$d2020-07-08$eKoopman$l0$oTOP AT.VIE 5$p20125502$r2021-01-12 00:00:00$w2021-01-12$yBOO$OKoopman
=999  \\$d11964

