=LDR  00724    a2200157   4500
=001  11966
=008  211119b\\\\\\\\||||||||\||||\00|\p\dut\d
=041  \\$adut
=100  \\$aScheurleer, Daniel François$d1855-1927$4edt$1http://www.wikidata.org/entity/Q3976286$95584
=245  \\$aEen devoot ende profitelyck boecxken:$bgeestelijk Liedboek met melodieën van 1539
=260  \\$aThe Hague$bNijhoff$c1889
=648  \0$a16th Century (1501-1600)$1http://www.wikidata.org/entity/Q7017$920944
=650  \0$aSong$1http://www.wikidata.org/entity/Q7366$94164
=942  \\$cBOO
=952  \\$00$10$2ddc$40$6LIT_SCHE_A$70$8LIT$911949$aORPH$bORPH$cKM12_2_H$d2020-07-08$eKoopman$i21F37$oLIT SCHE a$p20125470$r2021-01-12 00:00:00$w2021-01-12$yBOO
=999  \\$d11966

