=LDR  01192aam a2200277   4500
=001  11968
=005  20250121142128.0
=008  220929s1978\\\\||||||||\||||\00|\0\ger\d
=020  \\$a3921029570
=040  \\$cOI
=041  \\$ager
=245  \\$aStudien zur Barockoper
=260  \\$aHamburg$bWagner$c1978
=300  \\$a306 pages
=490  \\$aHamburger Jahrbuch für Musikwissenschaft$v3
=648  \0$a17th Century (1601-1700)$1http://www.wikidata.org/entity/Q7016$920923
=648  \0$a18th Century (1701-1800)$1http://www.wikidata.org/entity/Q7015$920899
=650  \0$aMusic history$1http://www.wikidata.org/entity/Q846047$921373
=650  \0$aOpera$1http://www.wikidata.org/entity/Q1344$92468
=650  \0$aBaroque$1http://www.wikidata.org/entity/Q37853$921255
=700  \\$4edt$aFloros, Constantin$d1930-$1http://www.wikidata.org/entity/Q1127841$923739
=700  \\$4edt$aMarx, Hans Joachim$d1935-$1http://www.wikidata.org/entity/Q18625182$912635
=700  \\$4edt$aPetersen, Peter$918894
=942  \\$cBOO
=952  \\$00$10$2ddc$40$6GEN_16_000000000000000$70$8GEN$911951$aORPH$bORPH$cKM12_1$d2020-07-08$eKoopman$i21F45$l0$oGEN16$p20125530$r2021-01-12 00:00:00$w2021-01-12$yBOO
=999  \\$d11968

