=LDR  00335    a2200097   4500
=001  11969
=245  \\$aJohann Sebastian Bach Spätwerk un
=260  \\$c1986
=942  \\$cBOO
=952  \\$00$10$40$6BIO_BACH1_E$70$8BIO$911952$aORPH$bORPH$cKTS1_P$d2020-07-08$eKoopman$i21F46$oBIO BACH1 e$p20125529$r2021-01-12 00:00:00$w2021-01-12$yBOO$OKoopman
=999  \\$c11969$d11969

