=LDR  01088aam a2200253   4500
=001  11970
=005  20250926134856.0
=008  250715s1985\\\\||||||||\||||\00|\0\ger\d
=041  \\$ager
=245  \\$aBachwoche Ansbach '85
=260  \\$aAnsbach$bBachwoche Ansbach$c1985
=600  \0$aBach, Johann Sebastian$d1685-1750$1http://www.wikidata.org/entity/Q1339$94766
=648  \0$a18th Century (1701-1800)$1http://www.wikidata.org/entity/Q7015$920899
=650  \0$aFestival book$1http://www.wikidata.org/entity/Q17590416$922319
=650  \0$aComposer$1http://www.wikidata.org/entity/Q36834$93625
=650  \0$aLegacy$1http://www.wikidata.org/entity/Q623282$922131
=651  \0$aAnsbach (Germany)$1http://www.wikidata.org/entity/Q14859$923195
=700  \\$aHill, R.$4aut$940798
=700  \\$aGüttler, L.$4aut$940799
=700  \\$aKaunzinger, G.$4aut$940800
=700  \\$aDallhammer, H.$4aut$940801
=942  \\$cBOO
=952  \\$00$10$40$6BIO_BACH1_E$70$8BIO$911953$aORPH$bORPH$cKTS1_P$d2020-07-08$eKoopman$i21F49$oBIO BACH1 e$p20125527$r2021-01-12 00:00:00$w2021-01-12$yBOO$OKoopman
=999  \\$d11970

