=LDR  00322    a2200097   4500
=001  11971
=245  \\$aVestdijkkroniek
=260  \\$c1985
=942  \\$cBOO
=952  \\$00$10$2ddc$40$6BIO_VEST_F$70$8BIO$911954$aORPH$bORPH$cKTS1_P$d2020-07-08$eKoopman$i21F52$l0$oBIO VEST f$p20125524$r2021-01-12 00:00:00$w2021-01-12$yBOO$OKoopman
=999  \\$c11971$d11971

