=LDR  00341    a2200097   4500
=001  11972
=245  \\$aAn offprint from: Performing the
=260  \\$c1996
=942  \\$cBOO
=952  \\$00$10$2ddc$40$6BIO_PURC1_E$70$8BIO$911955$aORPH$bORPH$cKTS1_P$d2020-07-08$eKoopman$i21F53$l0$oBIO PURC1 e$p20125523$r2021-01-12 00:00:00$w2021-01-12$yBOO$OKoopman
=999  \\$c11972$d11972

