=LDR  00317    a2200097   4500
=001  11973
=245  \\$aGalerie Artica
=260  \\$c1986
=942  \\$cBOO
=952  \\$00$10$2ddc$40$6VIS_MOLL$70$8VIS$911956$aORPH$bORPH$cKTS1_H$d2020-07-08$eKoopman$i21F55$l0$oVIS MOLL$p20125521$r2021-01-12 00:00:00$w2021-01-12$yBOO$OKoopman
=999  \\$c11973$d11973

