=LDR  01124nam a2200229 a 4500
=001  11975
=005  20250120115747.0
=008  870923s1985\\\\fr\a\\\\\b\\\f000\0\fre\\
=020  \\$a2903128030
=245  03$aLa Facture instrumentale européenne:$bSuprématies Nationales et Enrichissement mutuel
=260  \\$aParis$bMusée instrumental du Conservatoire national supérieur de musique de Paris$c1985
=300  \\$a248 pages
=504  \\$aIncludes bibliographies.
=648  \0$a16th Century (1501-1600)$1http://www.wikidata.org/entity/Q7017$920944
=648  \0$a16th Century (1501-1600)$1http://www.wikidata.org/entity/Q7017$920944
=648  \0$a17th Century (1601-1700)$1http://www.wikidata.org/entity/Q7016$920923
=650  \0$aOrganology$1http://www.wikidata.org/entity/Q899293$921400
=651  \0$aEurope$1http://www.wikidata.org/entity/Q46$991
=710  \\$aConservatoire de Paris (France)$4aut$1http://www.wikidata.org/entity/Q463055$920895
=942  \\$cBOO
=952  \\$00$10$40$6INS_1A$70$8INS$911958$aORPH$bORPH$cKTS0$d2020-07-08$eKoopman$i21F64$oINS1a$p20125512$r2021-01-12 00:00:00$w2021-01-12$yBOO$OKoopman
=999  \\$d11975

