=LDR  01094cam a22002654a 4500
=001  11976
=005  20251003085459.0
=008  020531s1999\\\\be\a\\\\\bc\\\000\0\fre\\
=020  \\$a9053493093 (pbk.)
=020  \\$a9053493085
=040  \\$aOI
=041  \\$afre
=100  \\$aSoly, Hugo$4aut$914707
=245  00$aCarolus: Charles Quint 1500-1558
=260  \\$aGhent$bSnoeck-Ducaju$c1999
=300  \\$a367 p. :$bill. (chiefly col.) ;$c30 cm.
=504  \\$aIncludes bibliographical references (p. 339-367).
=590  \\$aKunsthal de Sint-Pietersabdij à Gand du 6 novembre au 30 javier 2000
=600  \0$aCharles V$cHoly Roman Emperor$d1500-1558$vExhibitions.$1http://www.wikidata.org/entity/Q32500$920948
=651  \0$aHoly Roman Empire$1http://www.wikidata.org/entity/Q12548$971
=700  \\$aWiele, Johan van de$914708
=942  \\$cBOO
=952  \\$00$10$2ddc$40$6BIO_CHAR1_D$70$8BIO$911959$aORPH$bORPH$cKTS1_P$d2020-07-08$eKoopman$i21G02$l0$oBIO CHAR1 d$p20125553$r2021-01-12 00:00:00$w2021-01-12$yBOO
=999  \\$c11976$d11976
=650  \0$aCatalogue$1http://www.wikidata.org/entity/Q2352616$921484

