=LDR  01292nam a2200289 a 4500
=001  11977
=005  20250903143702.0
=008  890123s1988\\\\ne\af\\\\b\\\\000\0\dut\\
=020  \\$a9060116011
=040  \\$aOI
=041  0\$adut$beng
=100  \\$4edt$aOttenheym, Koen$eEditor$913099
=245  00$aDaniel Marot, vormgever van een deftig bestaan: architectuur en interieurs van Haagse stadspaleizen
=260  \\$aZutphen$bWalburg$c1988
=300  \\$a106 p., 108 p. of plates :$bill. (some col.) ;$c30 cm.
=504  \\$aIncludes bibliographical references.
=600  \0$aMarot, Daniel$d1661-1752$1http://www.wikidata.org/entity/Q1161686$914710
=650  \0$aInterior design$1http://www.wikidata.org/entity/Q179232$921367
=650  \0$aInterior design$1http://www.wikidata.org/entity/Q179232$921367
=650  \0$aPalace$92588
=651  \0$aThe Hague (Netherlands)$1http://www.wikidata.org/entity/Q36600$910
=700  \\$aTerlouw, Willem$4edt$eEditor$914711
=700  \\$aZoest, Rob van$4edt$eEditor$914712
=942  \\$cBOO
=952  \\$00$10$2ddc$40$6BIO_MARO_E$70$8BIO$911960$aORPH$bORPH$cKTS1_P$d2020-07-08$eKoopman$i21G03$l0$oBIO MARO e$p20125552$r2021-01-12 00:00:00$w2021-01-12$yBOO
=999  \\$c11977$d11977
=648  \0$a17th Century (1601-1700)$1http://www.wikidata.org/entity/Q7016$920923

