=LDR  00959aam a2200217   4500
=001  11978
=005  20251103150107.0
=008  250429s1999\\\\||||||||\||||\00|\0\eng\d
=041  \\$aeng
=245  \\$aThe Silk Road and the World of Xuanzan
=260  \\$c1999
=600  \0$aXuanzang$dfl. 7th Century$1http://www.wikidata.org/entity/Q42063$940106
=648  \0$aMiddle Ages (500-1400)$1http://www.wikidata.org/entity/Q12554$920964
=650  \0$aTrade$1http://www.wikidata.org/entity/Q601401$923616
=650  \0$aTravel$1http://www.wikidata.org/entity/Q61509$94440
=650  \0$aBuddhism$1http://www.wikidata.org/entity/Q748$940107
=650  \0$aMonastery$1http://www.wikidata.org/entity/Q44613$926216
=651  \0$aChina$1http://www.wikidata.org/entity/Q29520$921493
=942  \\$cBOO
=952  \\$00$10$2ddc$40$6BIO_XUAN_D$70$8BIO$911961$aORPH$bORPH$cKTS1_P$d2020-07-08$eKoopman$i21G07$l0$oBIO XUAN d$p20125548$r2021-01-12 00:00:00$w2021-01-12$yBOO$OKoopman
=999  \\$d11978

