=LDR  00943    a2200229   4500
=001  11979
=005  20251003085459.0
=008  220204s1981\\\\be\af|||\||||\00|\0\fre\d
=041  \\$afre
=245  \\$aInventaire descriptif des orgues de la ville de Liège
=260  \\$c1981$aLiege$bCommission Communale des Orgues
=300  \\$a227 pages
=336  \\$aprinted
=650  \0$aCatalogue$1http://www.wikidata.org/entity/Q2352616$921484
=650  \0$aOrgan$1http://www.wikidata.org/entity/Q1444$92810
=650  \0$aOrganology$1http://www.wikidata.org/entity/Q899293$921400
=651  \0$aLiège (Belgium)$1http://www.wikidata.org/entity/Q3992$9240
=700  \\$4edt$aLejeune, Jérôme$d-1952$923651
=700  \\$4edt$aWolteche, Jean$923652
=942  \\$cBOO
=952  \\$00$10$2ddc$40$6INS_3_000000000000000_1A_BE_LIE$70$8INS$911962$aORPH$bORPH$cKTS0$d2020-07-08$eKoopman$i21G14$oINS3.1a BE.LIE$p20125541$r2021-01-12 00:00:00$w2021-01-12$yBOO
=999  \\$d11979

