=LDR  01395cam a2200301 a 4500
=001  11984
=005  20250120120026.0
=008  000209s1999\\\\be\a\\\\\b\\\\000\0\eng\\
=020  \\$a9068531166 (pbk.)
=040  \\$aOI
=041  0\$aengger
=245  00$aGiaches de Wert (1535-1596) and his time ;$bMigration of musicians to and from the low Countries (c. 1400-1600) : colloquium proceedings, Antwerpen, 26-27 August 1996 /$ceditor[s], Eugeen Schreurs, Bruno Bouckaert.
=246  3\$aGiaches de Wert (1535-1596) and his time ; Migration of musicians to and from the low Countries (c. 1400-1600)
=260  \\$aLeuven :$bAlamire,$c1999.
=300  \\$a209 p. :$bill. ;$c24 cm.
=546  \\$aIn English and German.
=504  \\$aIncludes bibliographical references.
=600  \0$aWert, Giaches de$d1535-1596$1http://www.wikidata.org/entity/Q591939$915457
=650  \0$aMusic$92062
=650  \0$aMusic$92062
=700  \\$aSchreurs, Eugeen$915924
=700  \\$aBouckaert, Bruno$914714
=740  02$aMigration of musicians to and from the low Countries (c.1400-1600)
=942  \\$cBOO
=952  \\$00$10$2ddc$40$6BIO_WERT_D$70$8BIO$911967$aORPH$bORPH$cKTS1_P$d2020-07-08$eKoopman$i22A35$l0$oBIO WERT d$p20125598$r2021-01-12 00:00:00$w2021-01-12$yBOO$OKoopman
=999  \\$c11984$d11984
=490  \\$aYearbook of the Alamire Foundation ;$v3
=651  \0$aNetherlands$1http://www.wikidata.org/entity/Q55$9173

