=LDR  01784cam a2200349 a 4500
=001  11986
=005  20250926134856.0
=008  990520s1999\\\\ne\am\\\\bk\\\001\0\dut\\
=020  \\$a9068682180
=040  \\$aOI
=041  \\$adut
=100  \\$4ctb$aDinglinger, Wolfgang$914715
=245  03$aDe Matthäus-Passion:$b100 jaar passietraditie van het Koninklijk Concertgebouworkest
=260  \\$aBussum$bThoth$aAmsterdam$bKoninklijk Concertgebouworkest$c1999
=300  \\$a174 pages$billustrations (some colored)$c31 cm.$eCD
=504  \\$aDiscography: p. 161.
=504  \\$aIncludes bibliographical references and index.
=600  \0$aBach, Johann Sebastian$d1685-1750$1http://www.wikidata.org/entity/Q1339$94766
=600  \0$aKoopman, Ton$d1944-$1http://www.wikidata.org/entity/Q445121$910491
=600  \0$aLandowska, Wanda$d1879-1959$1http://www.wikidata.org/entity/Q160257$95780
=610  \0$aKoninklijk Concertgebouworkest (Amsterdam, Netherlands)$1http://www.wikidata.org/entity/Q827768$91650
=648  \0$a20th Century (1901-2000)$1http://www.wikidata.org/entity/Q6927$920936
=650  \0$aComposer$1http://www.wikidata.org/entity/Q36834$93625
=650  \0$aLegacy$1http://www.wikidata.org/entity/Q623282$922131
=650  \0$aPassion$1http://www.wikidata.org/entity/Q781815$92006
=650  \0$aChoral-orchestral setup$923009
=650  \0$aEarly music$1http://www.wikidata.org/entity/Q436016$93160
=650  \0$aHistorically informed performance$1http://www.wikidata.org/entity/Q1344860$920980
=651  \0$aAmsterdam (Netherlands)$1http://www.wikidata.org/entity/Q727$9135
=942  \\$cBOO
=952  \\$00$10$40$6BIO_BACH1_E$70$8BIO$911969$aORPH$bORPH$cKTS1_P$d2020-07-08$eKoopman$i22A52$oBIO BACH1 e$p20125585$r2021-01-12 00:00:00$w2021-01-12$yBOO$OKoopman
=999  \\$d11986

