=LDR  01108cam a2200253 a 4500
=001  11987
=005  20250121142128.0
=008  970314s1996\\\\ne\ab\\\\b\\\\101\0\eng\c
=020  \\$a906550527X
=040  \\$aOI
=041  \\$aeng
=245  04$aThe North Sea and Culture (1550-1800):$bProceedings of the International Conference held at Leiden 21-22 April 1995
=260  \\$aHilversum$bVerloren$c1996
=300  \\$a524 pages$billustrations, maps$c24 cm
=504  \\$aIncludes bibliographical references and indexes.
=648  \0$a16th Century (1501-1600)$1http://www.wikidata.org/entity/Q7017$920944
=648  \0$a17th Century (1601-1700)$1http://www.wikidata.org/entity/Q7016$920923
=648  \0$a18th Century (1701-1800)$1http://www.wikidata.org/entity/Q7015$920899
=650  \0$aCuckoo$1http://www.wikidata.org/entity/Q18845$922474
=700  \\$aRoding, Juliette$4edt$914716
=700  \\$aHeerma van Voss, Lex$4edt$914717
=942  \\$cBOO
=952  \\$00$10$2ddc$40$6HUM_RODI$70$8HUM$911970$aORPH$bORPH$cKM12_1$d2020-07-08$eKoopman$i22B12$oHUM RODI$p20125649$r2021-01-12 00:00:00$w2021-01-12$yBOO
=999  \\$d11987

