=LDR  01263aam a2200265   4500
=001  11988
=008  220120|\\\\\\\\au\f||||\||||\00|\0\ger\d
=041  \\$ager
=245  \\$aUhrenmuseum Wien
=260  \\$aVienna$bAgens-werk$cs.d.
=300  \\$a186 pages, plates
=610  \0$aWien Museum. Uhren Museum (Vienna, Austria)$1http://www.wikidata.org/entity/Q2474178$923514
=648  \0$a16th Century (1501-1600)$1http://www.wikidata.org/entity/Q7017$920944
=648  \0$a17th Century (1601-1700)$1http://www.wikidata.org/entity/Q7016$920923
=648  \0$a18th Century (1701-1800)$1http://www.wikidata.org/entity/Q7015$920899
=648  \0$a19th Century (1801-1900)$1http://www.wikidata.org/entity/Q6955$920935
=650  \0$aMechanical device$1http://www.wikidata.org/entity/Q1882685$92247
=650  \0$aClock$1http://www.wikidata.org/entity/Q376$92132
=651  \0$aVienna (Austria)$1http://www.wikidata.org/entity/Q1741$920937
=700  \\$aScharinger, F. M.$4aut$927098
=700  \\$aWaissenberger, R.$4aut$927099
=700  \\$aPerger, R.$4aut$927100
=942  \\$cBOO
=952  \\$00$10$2ddc$40$6INS_10_000000000000000_9A_AT_VIE$70$8INS$911971$aORPH$bORPH$cKTS0$d2020-07-08$eKoopman$i22C01$oINS10.9a AT.VIE$p20125666$r2021-01-12 00:00:00$w2021-01-12$yBOO
=999  \\$d11988

