=LDR  01640cam a2200313 a 4500
=001  11993
=005  20250121142128.0
=008  930902s1992\\\\gw\abgh\\b\\\\101\0\ger\\
=020  \\$a3910019056
=040  \\$aOI
=245  00$aJohann Friedrich Reichardt (1752-1814):$bKomponist und Schriftsteller der Revolutionszeit
=260  \\$aHalle an der Saale$bHändel-Haus$c1992
=300  \\$a128 pages$billustrations, maps, music, facsimiles$c23 cm
=490  \\$aSchriften des Händelhauses in Halle$v8
=504  \\$aIncludes bibliographical references (p. 108-120) and index.
=590  \\$aBericht über die Konferenz anlässlich seines 175. Todestages und des 200. Jubiläumsjahres der Französischen Revolution am 23. und 24. September 1989 im Händel-Haus Halle
=600  \0$aReichardt, Johann Friedrich$d1752-1814$1http://www.wikidata.org/entity/Q213742$95430
=648  \0$a18th Century (1701-1800)$1http://www.wikidata.org/entity/Q7015$920899
=648  \0$a19th Century (1801-1900)$1http://www.wikidata.org/entity/Q6955$920935
=650  \0$aComposer$1http://www.wikidata.org/entity/Q36834$93625
=650  \0$aMusic criticism$1http://www.wikidata.org/entity/Q11748889$921598
=650  \0$aBiography$1http://www.wikidata.org/entity/Q36279$91927
=651  \0$aGermany$1http://www.wikidata.org/entity/Q183$9155
=700  \\$aMusketa, Konstanze$4edt$914559
=700  \\$aRichter, Gert$914719$4edt
=700  \\$aTraxdorf, Götz$914720$4edt
=942  \\$cBOO
=952  \\$00$10$2ddc$40$6BIO_REIC2_E$70$8BIO$911976$aORPH$bORPH$cKTS1_P$d2020-07-08$eKoopman$i22C14$oBIO REIC2 e$p20125717$r2021-01-12 00:00:00$w2021-01-12$yBOO$OKoopman
=999  \\$d11993

