=LDR  00320    a2200097   4500
=001  11995
=245  \\$aSamuel Scheidt
=260  \\$c1937
=942  \\$cBOO
=952  \\$00$10$2ddc$40$6BIO_SCHE2_D$70$8BIO$911978$aORPH$bORPH$cKTS1_P$d2020-07-08$eKoopman$i22C17$oBIO SCHE2 d$p20125714$r2021-01-12 00:00:00$w2021-01-12$yBOO$OKoopman
=999  \\$c11995$d11995

