=LDR  02595cam a2200337 a 4500
=001  11998
=008  861202s1987\\\\us\a\\\\\b\\\\001\0\eng\\
=041  \\$aeng
=245  14$aThe Historical Harpsichord. Four Volumes
=250  \\$a A Monograph Series in Honour of Frank Hubbard
=260  \\$aStuyvesant, NY $bPendragon Press$c1984
=300  \\$a4 vols (124+143+160+241 pages)$bill. $c24 cm.
=490  \\$aThe Historical harpsichord $vFour Volumes
=504  \\$aIncludes bibliographical references and index.
=520  \\$avol. 1: Preface / Gustav Leonhardt -- Introduction / Howard Scott -- Frank Hubbard (1920-1976) / Howard Schott -- Reconstructing the Harpsichord / Frank Hubbard -- THe SUrviving Instruments of the Blanchet Workshop / William Dowd -- In the Direction of the Beginning / Christopher Page

vol. 3: Introduction / Howard Scott -- Bartolomeo Cristofori as Harpsichord Maker / Hubert Henkel -- The Identification and Authentication of Italian String Keyboard Instruments / Denzil Wraight

vol. 4: Foreword / Howard Scott -- Harpsichord Decoration - A Conspectus / Sheridan Germann

=600  \0$aRuckers, Hans$d1533/40-1598$bthe Elder$1http://www.wikidata.org/entity/Q19569794$922847
=648  \0$a17th Century (1601-1700)$1http://www.wikidata.org/entity/Q7016$920923
=650  \0$aHarpsichord$1http://www.wikidata.org/entity/Q81982$92125
=650  \0$aKeyboard instrument$1http://www.wikidata.org/entity/Q52954$92849
=650  \0$aIron$1http://www.wikidata.org/entity/Q677$94144
=650  \0$aWire$94145
=651  \0$1http://www.wikidata.org/entity/Q46$aEurope$991
=700  \\$aOdell, Scott$d-1935$914727$4edt
=700  \\$aLeonhardt, Gustav$d1928-2012$4win$1http://www.wikidata.org/entity/Q51584$917151
=700  \\$aGoodway, Martha$4edt$914726
=942  \\$cBOO
=952  \\$00$10$2ddc$3Vol. 2 - The Metallurgy of 17th- and 18th- Century Music Wire$40$6INS_3_000000000000000_2B$70$8INS$911981$aORPH$bORPH$cKTS0$d2020-07-08$eKoopman$i22C33$l0$oINS3.2b$p20125696$r2021-01-12 00:00:00$w2021-01-12$yBOO$OKoopman
=952  \\$00$10$2ddc$3Vol. 1$40$6INS_3_000000000000000_2B$70$8INS$922937$aORPH$bORPH$cKTS0$d2020-07-08$eKoopman$i22C33$l0$oINS3.2b$p20125697$r2023-09-12 00:00:00$w2021-01-12$yBOO
=952  \\$00$10$2ddc$3Vol. 3$40$6INS_3_000000000000000_2B$70$8INS$922938$aORPH$bORPH$cKTS0$d2020-07-08$eKoopman$i22C33$l0$oINS3.2b$p20125695$r2023-09-12 00:00:00$w2021-01-12$yBOO
=952  \\$00$10$2ddc$3Vol. 4$40$6INS_3_000000000000000_2B$70$8INS$922939$aORPH$bORPH$cKTS0$d2020-07-08$eKoopman$i22C33$l0$oINS3.2b$p20128347$r2023-09-12 00:00:00$w2021-01-12$yBOO
=999  \\$d11998

