=LDR  01320aab a2200229   4500
=001  12000
=008  240613s1999\\\\||||||||\||||\00|\0\dut\d
=041  \\$adut
=245  \\$aMozart:$bMuzikaal Cultureel Bericht$nvol. 11, no. 1
=260  \\$aBeek-Ubbergen$bMozart(k)ring Gelre-Niederrhein$c1999
=505  \\$gTon Koopman [beschermheer van Mozart(k)ring] -- Constanze Nissen-Mozart in Salzburg / R. Angermüller -- De glasharmonica / E. von Holtz
=600  \0$aMozart, Wolfgang Amadeus$d1756-1791$1http://www.wikidata.org/entity/Q254$95341
=600  \0$aWeber, Constanze$d1763-1842$1http://www.wikidata.org/entity/Q84464$912883
=600  \0$aKoopman, Ton$d1944-$1https://orcid.org/0009-0005-0297-0216$1http://www.wikidata.org/entity/Q445121$910491
=648  \0$a18th Century (1701-1800)$1http://www.wikidata.org/entity/Q7015$920899
=650  \0$aConcerto$1http://www.wikidata.org/entity/Q9748$921817
=650  \0$aHorn$1http://www.wikidata.org/entity/Q163759$922458
=650  \1$aGlass harmonica$1http://www.wikidata.org/entity/Q917571$922801
=651  \0$aSalzburg (Austria)$1http://www.wikidata.org/entity/Q34713$921433
=942  \\$cPER
=952  \\$00$10$2ddc$40$6BIO_MOZA1_F$70$8BIO$911983$aORPH$bORPH$cKTS1_P$d2020-07-08$eKoopman$i22C38b$l0$oBIO MOZA1 f$p20125690b$r2021-01-12 00:00:00$w2021-01-12$yBOO$OKoopman
=999  \\$d12000

