=LDR  00704    a2200181   4500
=001  12001
=008  231004s1998\\\\nl\a||||\||||\00|\0\dut\d
=020  \\$a9067331457
=041  \\$adut
=245  \\$aInspelen op de markt van strijkinstrumenten
=260  \\$c1998$aAmsterdam$bUniversiteit van Amsterdam
=300  \\$a70 pages
=650  \0$1http://www.wikidata.org/entity/Q192096$aBowed string instrument$92398
=700  \\$4aut$94793$aVarious
=710  \\$aNationaal Muziekinstrumenten Fonds (Amsterdam, The Netherlands)$926565
=942  \\$cBOO
=952  \\$00$10$2ddc$40$6INS_4A$70$8INS$911984$aORPH$bORPH$cKTS0$d2020-07-08$eKoopman$i22C39$l0$oINS4a$p20125689$r2021-01-12 00:00:00$w2021-01-12$yBOO$OKoopman
=999  \\$d12001

