=LDR  01973    a2200277   4500
=001  12007
=008  210921s1988\\\\\\\fh|||\||||\00|\0dger\d
=041  \\$ager
=100  \\$aHobohm, Wolf$4edt$99448
=245  \\$a...aus diesem Ursprunge...:$bDokumente, Materialien, Kommentare zur Familiengeschichte Georg Philipp Telemanns
=260  \\$aMagdeburg$bZentrum für Telemann-Pflege und -Forschung$c1988
=300  \\$a116 pages
=490  \\$aMagdeburger Telemann-Studien$vXI
=505  \\$aTelemann's Ehen und Kinder -- Eine geleanlogische Studie aus Anlaß des 300. Geburtstages -- Der Lebensweg des Vaters Heinrich Telemann -- Der Bruder Heinrich Matthias Telemann -- Ein Exulantenschicksal: Der Großvater Johannes Haltmeier -- Pfarrbesetzungen in Cochstedt-Vorgänge bei der Wahl des Urgroßvaters Heinrich Thering und bei der Wahl des Großvaters Georg Telemann -- Der Lebensweg des Enkels Georg Michael Telemann - Facsimile of Carl Johann Friedrich Haltmeier's 'Anleitung: wie man einen General-Baß, oder auch Hand-Stücke, in alle Tone transponiren könne' (Hamburg: Telemann, 1737)
=600  \0$aTelemann, Georg Philipp$d1681-1767$1http://www.wikidata.org/entity/Q75854$99287
=648  \0$a18th Century (1701-1800)$1http://www.wikidata.org/entity/Q7015$920899
=650  \0$aComposer$1http://www.wikidata.org/entity/Q36834$93625
=650  \0$aGenealogy$1http://www.wikidata.org/entity/Q47307$921635
=650  \0$aBiography$1http://www.wikidata.org/entity/Q36279$91927
=650  \0$aMethod$1http://www.wikidata.org/entity/Q2250960$921402
=650  \0$aTravel$1http://www.wikidata.org/entity/Q61509$94440
=651  \0$aGermany$1http://www.wikidata.org/entity/Q183$9155
=700  \\$4aut$aHaltmeier, Carl Johann Friedrich$d1698-1735$1http://www.wikidata.org/entity/Q76449138$922255
=942  \\$cBOO
=952  \\$00$10$2ddc$40$6BIO_TELE_B$70$8BIO$911990$aORPH$bORPH$cKTS1_P$d2020-07-08$eKoopman$i22C52$oBIO TELE b$p20125674$r2021-01-12 00:00:00$w2021-01-12$yBOO
=999  \\$d12007

