=LDR  01137cam a2200265 a 4500
=001  12008
=005  20250926134856.0
=008  981109s1997\\\\gw\ag\\\\b\\\\101\0dmul\\
=020  \\$a3932676041
=040  \\$aOI
=041  0\$ager$aeng
=245  00$aBachs Orchesterwerke:$bBericht über das 1. Dortmunder Bach-Symposion 1996
=260  \\$aWitten$bKlangfarben Musikverlag$c1997
=300  \\$a368 pages$btabs., music ;$c26 cm.
=490  \\$aDortmunder Bach-Forschungen$v1
=504  \\$aIncludes bibliographical references and indexes.
=546  \\$aTwo articles in English.
=600  \0$aBach, Johann Sebastian$d1685-1750$1http://www.wikidata.org/entity/Q1339$94766
=648  \0$a18th Century (1701-1800)$1http://www.wikidata.org/entity/Q7015$920899
=650  \0$aOrchestra$1http://www.wikidata.org/entity/Q42998$93159
=700  \\$aGeck, Martin$d1936-2019$4edt$1http://www.wikidata.org/entity/Q100880$917580
=700  \\$aBreig, Werner$4edt$99878
=942  \\$cBOO
=952  \\$00$10$2ddc$40$6BIO_BACH1_E$70$8BIO$911991$aORPH$bORPH$cKTS1_P$d2020-07-08$eKoopman$i22C55$oBIO BACH1 e$p20125671$r2021-01-12 00:00:00$w2021-01-12$yBOO
=999  \\$d12008

