=LDR  01379cam a2200277 a 4500
=001  12009
=005  20250121142128.0
=008  830307s1983\\\\enkag\\\\b\\\\001\0\eng\\
=020  \\$a052125115X
=040  \\$aOI
=041  0\$aengger
=100  \\$4edt$aBuelow, George J.$d1929-2009$eEditor$1http://www.wikidata.org/entity/Q27835998$914723
=245  00$aNew Mattheson Studies
=260  \\$aCambridge$aNew York$bCambridge University Press$c1983
=300  \\$axiv, 495 p. :$bill., music ;$c25 cm.
=504  \\$aIncludes bibliographical references and index.
=600  \0$aMattheson, Johann$d1681-1764$1http://www.wikidata.org/entity/Q170333$95222
=650  \0$aMusic history$1http://www.wikidata.org/entity/Q846047$921373
=700  \\$aMarx, Hans Joachim$d1935-$4edt$eEditor$1http://www.wikidata.org/entity/Q18625182$912635
=856  \\$uhttp://www.loc.gov/catdir/description/cam032/83005157.html$3Publisher description
=856  \\$uhttp://www.loc.gov/catdir/enhancements/fy0650/83005157-t.html$3Table of contents only
=942  \\$cBOO$2ddc
=952  \\$00$10$2ddc$40$6BIO_MATT_E$70$8BIO$911992$aORPH$bORPH$cKTS1_P$d2020-07-08$eKoopman$i22D02$oBIO MATT e$p20128472$r2021-01-12 00:00:00$w2021-01-12$yBOO
=999  \\$c12009$d12009
=648  \0$a18th Century (1701-1800)$1http://www.wikidata.org/entity/Q7015$920899
=650  \0$aMusic history$1http://www.wikidata.org/entity/Q846047$921373

