=LDR  00994cam a2200217 a 4500
=001  12010
=005  20250120120308.0
=008  970728s1997\\\\gw\acgh\\b\\\\100\0\ger\\
=020  \\$a3765103047
=040  \\$aOI
=100  \\$aMendelssohn-Bartholdy, Felix$d1809-1847$1http://www.wikidata.org/entity/Q46096$94998
=245  10$aFelix Mendelssohn Bartholdy Kongress-Bericht Berlin 1994 /$cherausgegeben von Christian Martin Schmidt.
=246  18$aMendelssohn-Kongress Berlin 1994
=260  \\$aWiesbaden :$bBreitkopf & Härtel,$cc1997.
=300  \\$a351 p. :$bill., ports., music, facsims. ;$c25 cm.
=504  \\$aIncludes bibliographical references.
=600  \0$aMendelssohn-Bartholdy, Felix$d1809-1847$1http://www.wikidata.org/entity/Q46096$94998
=700  \\$aSchmidt, Christian Martin$914734
=942  \\$cBOO
=952  \\$00$10$2ddc$40$6BIO_MEND_E$70$8BIO$911993$aORPH$bORPH$cKTS1_P$d2020-07-08$eKoopman$i22D08$l0$oBIO MEND e$p20128467$r2021-01-12 00:00:00$w2021-01-12$yBOO$OKoopman
=999  \\$c12010$d12010

