=LDR  01249cam a2200289 a 4500
=001  12012
=005  20250926134856.0
=008  960809s1995\\\\gw\agh\\\b\\\\001\0\ger\\
=010  \\$a   96178604 
=020  \\$a3875372158
=035  \\$a(OCoLC)35678760
=040  \\$aCLU$cCLU$dDLC
=042  \\$alccopycat
=245  00$aZur Interpretation der Orgelmusik Johann Sebastian Bachs /$cEwald Kooiman, Gerhard Weinberger, Hermann J. Busch.
=246  14$aZur Interpretation der Orgelmusik Joh. Seb. Bachs
=260  \\$aKassel :$bMerseburger,$c1995.
=300  \\$a239 p. :$bill., music, facsims. ;$c25 cm.
=504  \\$aIncludes bibliographical references (p. 226-236) and index.
=600  \0$aBach, Johann Sebastian$d1685-1750$1http://www.wikidata.org/entity/Q1339$94766
=650  \0$aOrgan music$1http://www.wikidata.org/entity/Q2003283$91951
=700  \\$aKooiman, Ewald$d1938-2009$914735
=700  \\$aWeinberger, Gerhard$d-1948$914736
=700  \\$aBusch, Hermann J.$910036
=942  \\$cBOO
=952  \\$00$10$40$6BIO_BACH1_E$70$8BIO$911995$aORPH$bORPH$cKTS1_P$d2020-07-08$eKoopman$i22D12$oBIO BACH1 e$p20128464$r2021-01-12 00:00:00$w2021-01-12$yBOO$OKoopman
=999  \\$c12012$d12012
=490  \\$aVeröffentlichung der Gesellschaft der Orgelfreunde ;$v114.

