=LDR  01856cam a2200277 i 4500
=001  12013
=003  OSt
=005  20250120120033.0
=008  750825s1975\\\\gw\af\\\\b\\\\011\0\ger\\
=015  \\$aGFR 75-A
=020  \\$a3795201551 :$cDM70.00
=040  \\$aOI
=041  \\$ager
=100  \\$4dte$aAbert, Anna Amalie$d1906-1996$914737
=245  00$aOpernstudien.$bAnna Amalie Abert zum 65. Geburtstag
=246  3\$aAnna Amalie Abert zum fünfundsechzigsten Geburtstag
=260  \\$aTutzing$bSchneider$c1975
=300  \\$a243 pages, [6] leaves of plates$billustrations$c24 cm
=504  \\$a"Bibliographie der Arbeiten Anna Amalie Aberts": p. 227-238.
=504  \\$aIncludes bibliographical references and index.
=505  0\$aBlume, F. Anna Amalie Abert.--Braun, W. Operist als Typ und Möglichkeit.--Wirth, H. Gluck, Haydn und Mozart, drei Entführungs-Opern.--Feder, G. Opera seria, Opera buffa und Opera semiseria bei Haydn.--Finscher, L. Der Opernsänger als Komponist.--Pfannkuch, W. Opernaufführungen in Kiel 1708-1798.--Gudewill, K. Über einige Töne von volkstümlichen Liedern, Singspiel- und Opernliedern des ausgehenden 18. und des 19. Jahrhunderts.--Ruhnke, M. Die Librettisten des Fidelio.--Kühn, H. Antike Massen.--Lippmann, F. Verdi und Donizetti.--Schwab, H. W. Jonny spielt auf.--Dahlhaus, C. Über das kontemplative Ensemble.--Schuh, W. Metamorphosen einer Ariette von Richard Strauss.--Scharberth, I. Bemerkungen zum Spielplan eines grossen Opernhauses.--Salmen, W. Ikonographie eines Stammbuchblattes von 1590.
=650  \0$aOpera$1http://www.wikidata.org/entity/Q1344$92468
=700  \\$aHortschansky, Klaus$4edt$911694
=942  \\$cBOO
=952  \\$00$10$2ddc$40$6GEN_16_000000000000000$70$8GEN$911996$aORPH$bORPH$cKM12_1$d2020-07-08$eKoopman$i22D15$l1$oGEN16$p20128461$r2025-09-30 12:10:38$s2025-09-10$w2021-01-12$yBOO
=999  \\$d12013

