=LDR  00454    a2200157   4500
=001  12014
=005  20230122211018.0
=020  \\$a9069842289
=041  \\$adut
=100  \\$4aut$aVarious$94793
=245  \\$aWetenschap en kunst
=260  \\$c1998
=300  \\$a86 pages
=942  \\$cBOO$2ddc
=952  \\$00$10$2ddc$40$6SCI_ZAND$70$8SCI$911997$aORPH$bORPH$cKM12_1$d2020-07-08$eKoopman$i22D19$l0$oSCI ZAND$p20128459$r2021-01-12 00:00:00$w2021-01-12$yBOO
=999  \\$c12014$d12014

