=LDR  00325    a2200097   4500
=001  12016
=245  \\$aIn: Tirade januari
=260  \\$c1975
=942  \\$cBOO
=952  \\$00$10$2ddc$40$6BIO_ZUYL_F$70$8BIO$911999$aORPH$bORPH$cKTS1_P$d2020-07-08$eKoopman$i22D30$l0$oBIO ZUYL f$p20128448$r2021-01-12 00:00:00$w2021-01-12$yPER$OKoopman
=999  \\$c12016$d12016

