=LDR  00589    a2200157   4500
=001  12017
=008  210305b\\\\\\\\be\|||||\||||\00|\0\eng\d
=020  \\$a9783795718701
=041  \\$ager
=100  \\$aSchubert, Giselher$d-1944$4edt$eEditor$920891
=245  \\$aAlte Musik im 20. Jahrhundert. Wandlungen und Formen ihrer Rezeption.
=260  \\$c1995$aMainz$bSchott
=300  \\$a176 pages
=942  \\$cBOO
=952  \\$00$10$2ddc$40$6MTP_2_000000000000000_SCHU$70$8MTP$912000$aORPH$bORPH$cKM12_1$d2020-07-08$eKoopman$i22D37$l0$oMTP 2 SCHU$p20128441$r2021-01-12 00:00:00$w2021-01-12$yBOO
=999  \\$c12017$d12017

