=LDR  01630nam a2200277 a 4500
=001  12019
=005  20250605144224.0
=008  851009s1985\\\\be\aohg\\b\\\\000\0dmul\\
=020  \\$a9068530100 :$c140F
=041  0\$adut$aeng
=245  00$aAspecten van de 18de-eeuwse beiaardkunst in de Nederlanden.$bBijdragen rond de uitgave van een Vlaams beiaardboek van 1728
=260  \\$aPeer$bMusica$c1985
=300  \\$a224 pages$billustrations$c24 cm
=490  1\$aJaarboek van het Vlaams Centrum voor Oude Muziek$vJaargang I - 1985
=504  \\$aIncludes bibliographical references.
=505  \\$gH. Baeten/ foreword -- M. Halsted/Beÿaert1728. A historical and bibliographical approach -- G. Huybens/De liederen uit Beÿaert 1728 -- G.Spiessens/De liederen en muzikanten te Antwerpen 1700-1750 -- A. Lehr/"Met losgemaakte ringkraag en in hevig zweet". Een oriënterende verkenning in oude beiaardtracturen
=648  \0$a18th Century (1701-1800)$1http://www.wikidata.org/entity/Q7015$920899
=650  \0$aCarillon$1http://www.wikidata.org/entity/Q505174$94152
=650  \0$aMusic history$1http://www.wikidata.org/entity/Q846047$921373
=651  \0$aFlanders (Belgium)$1http://www.wikidata.org/entity/Q234$989
=651  \0$aAntwerp (Belgium)$1http://www.wikidata.org/entity/Q12892$920974
=700  \\$aFair, Todd$914738$4edt
=700  \\$aHuybens, Gilbert$d1949-$4edt$1http://www.wikidata.org/entity/Q64706420$920629
=942  \\$cBOO
=952  \\$00$10$2ddc$40$6TOP_BE_FLA_5_000000000000000$70$8TOP$912002$aORPH$bORPH$cKTS0$d2020-07-08$eKoopman$i22D48$l0$oTOP BE.FLA 5$p20128432$r2021-01-12 00:00:00$w2021-01-12$yBOO$OKoopman
=999  \\$d12019

