=LDR  01161nam a22002657ib4500
=001  12024
=003  ItRI
=005  20250903143702.0
=008  010330s1980\\\\it\||||||\\\\|||||\|||||c
=040  \\$bOI
=041  \7$aita
=245  00$aPalazzo Vecchio:$pcommittenza e collezionismo medicei
=260  \\$aMilan$bElecta$aFlorencee$bCentro di Edizioni Alinari Scala$c1980
=300  \\$a410 pages$billustrations$c25 cm
=500  \\$aCatalogo della mostra tenuta a Firenze nel 1980.
=610  \0$aHouse of Medici$1http://www.wikidata.org/entity/Q170022$922339
=648  \0$aRenaissance (1400-1600)$1http://www.wikidata.org/entity/Q4692$920965
=650  \0$aPalace$1http://www.wikidata.org/entity/Q16560$92588
=650  \0$aCollecting$1http://www.wikidata.org/entity/Q208165$92117
=651  \0$aFlorence (Italy)$1http://www.wikidata.org/entity/Q2044$9248
=773  0\$wIT\ICCU\VEA\0002403$tFirenze e la Toscana dei Medici nell'Europa del Cinquecento$g2
=856  \\$3;
=942  \\$cBOO
=952  \\$00$10$2ddc$40$6TOP_IT_FLO$70$8TOP$912007$aORPH$bORPH$cKTS0$d2020-07-08$eKoopman$i22E10$l0$oTOP IT.FLO$p20129577$r2021-01-12 00:00:00$w2021-01-12$yBOO$OKoopman
=999  \\$d12024

