=LDR  01579nam a2200289 p 4500
=001  12025
=005  20250120120228.0
=008  810129s1980\\\\it\a\\\\\b\\\\000\0\ita\\
=040  \\$aOI
=041  \\$aita
=245  13$aIl potere e lo spazio. La scena del principe:$cFirenze e la Toscana dei Medici nell'Europa del Cinquecento
=260  \\$aMilan$bElecta$aFlorence$bMedicee$c1980
=300  \\$a410 pages$billustrations$c24 cm
=500  \\$aOn half t.p.: Consiglio d'Europa, Sedicesima esposizione europea di arte, scienza e cultura.
=504  \\$aIncludes bibliographies.
=505  \\$gIl primato del disegno -- La corte il mare i mercanti, la rinascita della Scienza Editoria e Società Astrologia, magia e alchimia -- Palazzo Vecchio: committenza e collezionismo medicei
=610  \0$aHouse of Medici$1http://www.wikidata.org/entity/Q170022$922339
=648  \0$a16th Century (1501-1600)$1http://www.wikidata.org/entity/Q7017$920944
=650  \0$aArchitecture$1http://www.wikidata.org/entity/Q12271$93185
=650  \0$aFine art$1http://www.wikidata.org/entity/Q219625$921579
=650  \0$aTheater$1http://www.wikidata.org/entity/Q24354$92225
=650  \0$aNobility$1http://www.wikidata.org/entity/Q134737$93602
=650  \0$aPatronage$1http://www.wikidata.org/entity/Q214092$94245
=651  \0$aFlorence (Italy)$1http://www.wikidata.org/entity/Q2044$9248
=942  \\$cBOO
=952  \\$00$10$2ddc$40$6TOP_IT_FLO_4_000000000000000$70$8TOP$912008$aORPH$bORPH$cKTS0$d2020-07-08$eKoopman$i22E09$l0$oTOP IT.FLO 4$p20129578$r2021-01-12 00:00:00$w2021-01-12$yBOO$OKoopman
=999  \\$d12025

