=LDR  01195nam a2200241 a 4500
=001  12028
=008  960930s1995\\\\fr\a\\\\\bc\\\101\0\fre\\
=020  \\$a295093420X
=041  \\$afre
=245  00$aAmour et sympathie.$bActes du colloque sur les instruments à cordes sympathiques, Limoges 28/29 novembre 1992
=260  \\$aLimoges $bEdition Ensemble baroque de Limoges$c1995
=300  \\$a364 pages$bill. $c25 cm
=504  \\$aIncludes bibliographical references and indexes.
=505  0\$aSympathie, résonance et musique -- Les instruments à cordes sympathiques -- Catalogue de l'exposition.
=650  \0$aString instrument$1http://www.wikidata.org/entity/Q1798603$92912
=650  \0$aBowed string instrument$1http://www.wikidata.org/entity/Q192096$92398
=650  \0$aIconography$1http://www.wikidata.org/entity/Q208145$921259
=650  \0$aMusic history$1http://www.wikidata.org/entity/Q846047$921373
=700  \\$aCoin, Christophe$4drt$919136
=710  \\$aEnsemble baroque de Limoges (France)$91653
=942  \\$cBOO
=952  \\$00$10$2ddc$40$6INS_4A$70$8INS$912011$aORPH$bORPH$cKTS0$d2020-07-08$eKoopman$i22E22$l0$oINS4a$p20128890$r2021-01-12 00:00:00$w2021-01-12$yBOO$OKoopman
=999  \\$d12028

