=LDR  00675aam a2200157   4500
=001  12032
=008  220530s1959\\\\||||||||\||||\00|\0\dut\d
=041  \\$adut
=100  \\$aMolenaar, Johan de$4aut$912812
=245  \\$aMuziek en poëzie
=260  \\$aUtrecht$bBruna$c1959
=650  \0$aPoetry$1http://www.wikidata.org/entity/Q482$93026
=942  \\$cBOO
=952  \\$00$10$2ddc$40$6LIT_MOLE_A$70$8LIT$912015$aORPH$bORPH$cKM12_2_H$d2020-07-08$eKoopman$i22F20$oLIT MOLE a$p20128837$r2021-01-12 00:00:00$w2021-01-12$yBOO
=952  \\$00$10$2ddc$40$6LIT_MOLE_A$70$8LIT$912016$aORPH$bORPH$cKM12_2_H$d2020-07-08$eKoopman$i22F20$oLIT MOLE a$p20128838$r2021-01-12 00:00:00$w2021-01-12$yBOO
=999  \\$d12032

