=LDR  00994aam a2200217   4500
=001  12036
=005  20250925143259.0
=008  250602s1982\\\\|||a||||\||||\00|\0ddut\d
=020  \\$a9064030049
=041  \\$adut
=245  \\$aOp zoek naar Mozart
=260  \\$aAmsterdam$bInternational Theatre Bookshop$bHolland Festival$c1982
=600  \0$aMozart, Wolfgang Amadeus$d1756-1791$1http://www.wikidata.org/entity/Q254$95341
=648  \0$a18th Century (1701-1800)$1http://www.wikidata.org/entity/Q7015$920899
=648  \0$a20th Century (1901-2000)$1http://www.wikidata.org/entity/Q6927$920936
=650  \0$aOpera$1http://www.wikidata.org/entity/Q1344 $92468
=650  \0$aZauberflöte$1http://www.wikidata.org/entity/Q5064$940279
=651  \0$aVienna (Austria)$1http://www.wikidata.org/entity/Q1741$920937
=942  \\$cBOO
=952  \\$00$10$2ddc$40$6BIO_MOZA1_E$70$8BIO$912019$aORPH$bORPH$cKTS1_P$d2020-07-08$eKoopman$i23A06$oBIO MOZA1 e$p20128480$r2021-01-12 00:00:00$w2021-01-12$yBOO$OKoopman
=999  \\$d12036

