=LDR  03025cam a2200385 i 4500
=001  12037
=005  20250901113608.0
=008  800102s1979\\\\gw\ach\\\b\\\\000\0dger\\
=020  \\$a379590238X :$cDM19.80
=040  \\$aOI
=041  \\$ager
=100  \\$4edt$aWürtz, Roland$d1939-$914743
=245  04$aDas Mannheimer Mozart-Buch
=260  \\$aWilhelmshaven$bHeinrichshofen$c1979
=300  \\$a308 pages$billustrations, portraits, facsimiles$c19 cm
=490  \\$aTaschenbücher zur Musikwissenschaft$v47
=504  \\$a"Mozart und Mannheim, eine Bibliographie": p. 275-304.
=505  \\$aMannheimer Mozartgedenkstätten / H. Budian -- Der Chevalier und sein Widersacher / H. Dennerlein -- Aloysia-Wolfgang-Constanze / M. Flothuis & O. Hammerstein -- Die Finanzierung von Mozarts Mannheimer Aufenthalt 1777/1778 / R. Haas -- Mozart im Bretzenheimschen Haus zu Mannheim / R. Haas -- Aus Ifflands Stammbuch: Autographen von Mozart-Freunden und -Bekannten / W. Herrmann -- Therese Pierron und das Haus F3,5 / W. Herrmann -- Ein Mannheimer Musikverleger als Wegbereiter des klassischen Erbes / B. Höft -- Mit Mozart von Paris über Straßburg nach Mannheim / R. Kopff -- Mozartpflege aus der Mannheimer Behelfsbühne 1946-1956 / H. Meyer -- Unbekannte Schattenrisse von Schauspielern, Sängern und Musikern aus Mozarts Freundes- und Bekanntenkreis / R. Münster -- Mozart in Schwetzingen - "Sternallee" und "Rotes Haus" / W. Stief -- Wo blieb die Heidelberger "Mozart-Orgel"? / W. Stief -- Die beiden Mannheimer Arietten aus der Sicht des Interpreten / E. Werba -- Mozarts Krönungskonzert - ein Problem? / F. Wührer -- Der geliebte Schatten / R. Würtz -- Die Erstaufführungen von Mozarts Bühnenwerken in Mannheim / R. Würtz
=600  \0$aMozart, Wolfgang Amadeus$d1756-1791$1http://www.wikidata.org/entity/Q254$95341
=600  \0$aWeber, Aloysia$dc. 1761-1839$1http://www.wikidata.org/entity/Q79022$923304
=600  \0$aWeber, Constanze$d1763-1842$1http://www.wikidata.org/entity/Q84464$912883
=600  \0$aIffland, August Wilhelm$d1759-1814$1http://www.wikidata.org/entity/Q215115$95630
=648  \0$a18th Century (1701-1800)$1http://www.wikidata.org/entity/Q7015$920899
=650  \0$aComposer$1http://www.wikidata.org/entity/Q36834$93625
=650  \0$aBiography$1http://www.wikidata.org/entity/Q36279$91927
=650  \0$aTravel$1http://www.wikidata.org/entity/Q61509$94440
=650  \0$aOrgan$1http://www.wikidata.org/entity/Q1444$92810
=650  \0$aAria$1http://www.wikidata.org/entity/Q178122$921592
=650  \0$aConcerto$1http://www.wikidata.org/entity/Q9748$921817
=651  \0$aMannheim (Germany)$1http://www.wikidata.org/entity/Q2119$9218
=651  \0$aSchwetzingen (Germany)$1http://www.wikidata.org/entity/Q3232$923305
=651  \0$aHeidelberg (Germany)$1http://www.wikidata.org/entity/Q2966$921984
=942  \\$cBOO
=952  \\$00$10$2ddc$40$6BIO_MOZA1_E$70$8BIO$912020$aORPH$bORPH$cKTS1_P$d2020-07-08$eKoopman$i23A09$oBIO MOZA1 e$p20128477$r2021-01-12 00:00:00$w2021-01-12$yBOO
=999  \\$d12037

