=LDR  01366nam a2200265 a 4500
=001  12038
=005  20250120120354.0
=008  870304s1985\\\\gw\fag\\\b\\\\110\0\ger\\
=020  \\$a3761807589
=040  \\$aOI
=245  00$aFranz Schubert, Jahre der Krise, 1818-1823 :$bBericht über das Symposion, Kassel, 30. September bis 1. Oktober 1982 : Arnold Feil zum 60. Geburtstag am 2. Oktober 1985 /$cherausgegeben von Werner Aderhold, Walther Dürr und Walburga Litschauer.
=260  \\$aKassel :$bBärenreiter,$c1985.
=300  \\$a144 p., [1] leaf of plates :$bill., music ;$c24 cm.
=504  \\$aBibliography of works by A. Feil: p. 141-143.
=504  \\$aIncludes bibliographical references.
=600  \0$aSchubert, Franz$d1797-1828$1http://www.wikidata.org/entity/Q7312$96183
=600  \0$aFeil, Arnold$1http://www.wikidata.org/entity/Q105772$914745
=700  \\$aFeil, Arnold$1http://www.wikidata.org/entity/Q105772$914745
=700  \\$aAderhold, Werner$914746
=700  \\$aDürr, Walther$d1932-2018$1http://www.wikidata.org/entity/Q96942$920275
=700  \\$aLitschauer, Walburga$914748
=740  0\$aArnold Feil zum 60. Geburtstag am 2. Oktober 1985.
=942  \\$cBOO
=952  \\$00$10$2ddc$40$6BIO_SCHU1_E$70$8BIO$912021$aORPH$bORPH$cKTS1_P$d2020-07-08$eKoopman$i23B02$oBIO SCHU1 e$p20128557$r2021-01-12 00:00:00$w2021-01-12$yBOO$OKoopman
=999  \\$c12038$d12038

