=LDR  01647aam a2200241   4500
=001  12039
=008  220819s1939\\\\|||ag|||\||||\00|\0bita\d
=041  \\$aita
=110  \\$4edt$aAccademia Musicale Chigiana (Siena, Italy)$1http://www.wikidata.org/entity/Q338372$924170
=245  \\$aAntonio Vivaldi:$bNote e documenti sulla vita e sulle opere
=260  \\$a[Florence]$b[Olschki]$c1939
=300  \\$a76 pages$bmusic
=505  \\$gLe “Settimana„ A. Vivaldi / Guido Chigi Saracini -- Come nacque la settimana vivaldiana / S. A. L. -- Programma della settimana Vivaldi / Alfredo Casella -- Come sono state scelte ed elaborate le musiche della “Settimana„ / Alfredo Casella -- Le composizioni sacre e vocali di Antonio Vivaldi / Alfredo Casella -- « L'Olimpiade » e il teatro musicale di Antonio Vivaldi / Virgilio Mortari -- I concerti / S. A. Luciani -- Notizie biografiche -- Testimonianze -- 
=590  \\$aSettimana Musicale (Siena, 16-21 settembre 1939)
=600  \0$aVivaldi, Antonio$d1678-1741$1http://www.wikidata.org/entity/Q1340$911980
=648  \0$a17th Century (1601-1700)$1http://www.wikidata.org/entity/Q7016$920923
=648  \0$a18th Century (1701-1800)$1http://www.wikidata.org/entity/Q7015$920899
=650  \0$aComposer$1http://www.wikidata.org/entity/Q36834$93625
=651  \0$aItaly$1http://www.wikidata.org/entity/Q38$922
=700  \\$4win$aChigi-Saracini, Guido$d1880-1965$1http://www.wikidata.org/entity/Q4220054$925378
=942  \\$cBOO
=952  \\$00$10$2ddc$40$6BIO_VIVA_E$70$8BIO$912022$aORPH$bORPH$cKTS1_P$d2020-07-08$eKoopman$i23B03$l0$oBIO VIVA e$p20128556$r2021-01-12 00:00:00$w2021-01-12$yBOO$OKoopman
=999  \\$d12039

