=LDR  02077    a2200241   4500
=001  12040
=008  220512s1941\\\\||||||||\||||\00|\0\ita\d
=041  \\$aita
=110  \\$4aut$aAccademia Musicale Chigiana (Siena, Italy)$1http://www.wikidata.org/entity/Q338372$924170
=245  \\$aLa scuola veneziana (secoli XVI-XVIII):$bnote e documenti
=260  \\$aSiena$bTicci$c1941
=300  \\$a94 pages
=505  \\$gLe terza settimana musicale senese -- Programma delle manifestazioni -- Elenco cronologico degli autori e delle musiche -- Andrea e Giovanni Gabrieli -- Le opere teatrali di Francesco Cavalli (saggio di bibliografia dei libretti) -- La prima e la seconda "pratica" di Claudio Monteverdi -- Giuseppe Torelli -- Opere ed oratorii di G. B. Bassani (nota bibliografica) -- I duetti di Agostino Steffani -- Sulla vita e sulle opere di Antonio Caldara -- Un codice sconosciuto di Benedetto Marcello -- Il "Teatro alla moda" di B. Marcello e le sue propaggini -- L'atto di morte di Antonio Vivaldi -- In margine ai Mss. Vivaldiani -- Un concerto di Vivaldi attribuito a Marcello -- Catalogo tematico delle opere a stampa di A. Vivaldi delle edizioni moderne e delle trascrizioni compilato da Wilh. Altmann -- Francesco Antonio Bonporti -- Le sonate di Giovanni Platti -- Le sonate per cembalo del Buranello
=590  \\$araccolti in occasione della settimana celebrativa (5-10 settembre 1941-XIX)
=648  \0$a16th Century (1501-1600)$1http://www.wikidata.org/entity/Q7017$920944
=648  \0$a17th Century (1601-1700)$1http://www.wikidata.org/entity/Q7016$920923
=648  \0$a18th Century (1701-1800)$1http://www.wikidata.org/entity/Q7015$920899
=650  \0$aMusic history$1http://www.wikidata.org/entity/Q846047$921373
=650  \0$aBibliography$1http://www.wikidata.org/entity/Q134995$93965
=651  \0$aVenice (Italy)$1http://www.wikidata.org/entity/Q641$91
=942  \\$cBOO
=952  \\$00$10$2ddc$40$6TOP_IT_VEN1_4_000000000000000$70$8TOP$912023$aORPH$bORPH$cKTS0$d2020-07-08$eKoopman$i23B04$oTOP IT.VEN1 4$p20128555$r2021-01-12 00:00:00$w2021-01-12$yBOO
=999  \\$d12040

