=LDR  03864pam a2200481 a 4500
=001  12041
=005  20250121142128.0
=008  831122s1984\\\\txua\\\\\b\\\s101\0\eng\\
=020  \\$a0292707460
=040  \\$aOI
=041  \\$aeng
=245  00$aOpera & Vivaldi
=250  \\$a1st ed.
=260  \\$aAustin, TX$bUniversity of Texas Press$c1984
=300  \\$avi-398 pages$billustrations$c24 cm
=504  \\$aIncludes bibliographies and index.
=505  \\$aIntroduction: Vivaldi's Orlando furioso: The Dallas Opera Production and Symposium / E. K. Kirk -- Costume in the Frescoes of Tiepolo and 18th-Century Italian Operas / W. L. Barcham -- Ariosto and the Oral Tradition / C. P. Brand -- Embellishing 18th-Century Arias: On Cadenzas / H. M. Brown -- Cadential Structures and Accompanimental Practices in 18th-Century Italian Recitative / M. Collins -- Grazio Braccioli's Orlando furioso: A History and Synopsis of the Libretto / M. Collins -- Literary Sources and Their Transformation into Opera: Dramatic Theory and the Italian Baroque Libretto / Voice Register as an Index of Age and Status in Opera Seria / R. Covell -- The Relationship between Text and Music in the Operas of Vivaldi / E. Cross -- Declamation and Expressive Singing in Recitative / M. Cyr -- Mythological Subjects in Opera Seria / S. Hansell -- Eighteenth-Century Orlando: Hero, Satyr, and Fool / E. T. Harris -- Vivaldi's Orlando: Sources and Contributing Factors / J. W. Hill -- Venetian Theaters during Vivaldi's Era / W. C. Holmes -- Vivaldi as Self-Borrower / K. Kropfinger -- Preparing the Critical Edition: An Interview with Alan Curtis / M. P. McClymonds -- Opera Seria Today: A Credo / A. Porter -- Orlando in Seicento Venice: The Road Not Taken / E. Rosand -- Ariosto's Orlando and Opera Seria / G. Schmidgall -- Opera Criticism and the Venetian Press / E. Selfridge-Field -- Baroque Manners and Passions in Modern Performance / S. Wynne
=600  \0$aVivaldi, Antonio$d1678-1741$1http://www.wikidata.org/entity/Q1340$911980
=600  \0$aAriosto, Lodovico$d1474-1533$1http://www.wikidata.org/entity/Q48900$99156
=600  \0$aTiepolo, Giovanni Battista$d1696-1770$1http://www.wikidata.org/entity/Q186202$914601
=600  \0$aCurtis, Alan$d1934-2015$1http://www.wikidata.org/entity/Q965256$920496
=648  \0$a18th Century (1701-1800)$1http://www.wikidata.org/entity/Q7015$920899
=648  \0$a17th Century (1601-1700)$1http://www.wikidata.org/entity/Q7016$920923
=650  \0$aOpera$1http://www.wikidata.org/entity/Q1344$92468
=650  \0$aCostume$1http://www.wikidata.org/entity/Q1410477$922116
=650  \0$aStaging$1http://www.wikidata.org/entity/Q3508687$922118
=650  \0$aTheater$1http://www.wikidata.org/entity/Q24354$92225
=650  \0$aRecitative$1http://www.wikidata.org/entity/Q202534$93699
=650  \0$aDeclamation$1http://www.wikidata.org/entity/Q5249313$922018
=650  \0$aMusic criticism$1http://www.wikidata.org/entity/Q11748889$921598
=650  \0$aHistorically informed performance$1http://www.wikidata.org/entity/Q1344860$920980
=650  \0$aMythology$1http://www.wikidata.org/entity/Q9134$921600
=651  \0$aVenice (Italy)$1http://www.wikidata.org/entity/Q641$91
=651  \0$aDallas (USA)$1http://www.wikidata.org/entity/Q16557$923169
=700  \\$aCollins, Michael B.$d1930-$4edt$914751
=700  \\$aKirk, Elise K.$d-1932$4edt$914752
=700  1\$q(Elise Kuhl),
=740  0\$aOpera and Vivaldi.
=856  \\$uhttp://www.loc.gov/catdir/enhancements/fy1502/83023557-b.html$3Contributor biographical information
=856  \\$uhttp://www.loc.gov/catdir/enhancements/fy1502/83023557-d.html$3Publisher description
=942  \\$cBOO
=952  \\$00$10$2ddc$40$6BIO_VIVA_E$70$8BIO$912024$aORPH$bORPH$cKTS1_P$d2020-07-08$eKoopman$i23B06$l1$m2$oBIO VIVA e$p20128553$r2022-10-27 00:00:00$s2022-09-05$w2021-01-12$yBOO
=999  \\$d12041

