=LDR  02244aam a2200289   4500
=001  12042
=008  220812s1978\\\\|||ga|||\||||\00|\0bita\d
=041  \\$aita
=245  \\$aAntonio Vivaldi, da Venezia all Europa
=260  \\$c1978$aMilan$bElecta
=504  \\$aIncludes bibliography and index
=505  \\$gProfilo biografico di Antonio Vivaldi / W. Kolneder -- Le inconvenienze teatrali: documenti inediti su Antonio Vivaldi impresario / L. Moretti -- Venezia al tempo di Vivaldi / G. Benzoni -- Il cimento dell'invenzione, il secolo di Vivaldi e il melodramma (1650-1750): Nota introduttiva a una mostra / L. Zorzi -- Il secolo di Vivaldi e il melodramma: i teatri, le scene / M. T. Muraro -- Vivaldi, Dresda, Bach / R. Eller -- Attualità di Vivaldi / F. Degrada -- Dediche di Antonio Vivaldi --  Testimonianze e giudizi su Antonio Vivaldi -- Lettere di Antonio Vivaldi -- Principali edizioni delle opere di Antonio Vivaldi pubblicate durante la vita dell'autore -- Catalogo delle composizioni di Antonio Vivaldi -- Drammaturgia Vivaldiana: regesto e concordanze dei libretti / E. Garbero
=600  \0$aVivaldi, Antonio$d1678-1741$1http://www.wikidata.org/entity/Q1340$911980
=610  \0$aOspedale della Pietà (Venice, Italy)$1http://www.wikidata.org/entity/Q1816328$924196
=648  \0$a18th Century (1701-1800)$1http://www.wikidata.org/entity/Q7015$920899
=650  \0$aComposer$1http://www.wikidata.org/entity/Q36834$93625
=650  \0$aInstrumentalist$1http://www.wikidata.org/entity/Q1278335$921706
=650  \0$aImpresario$1http://www.wikidata.org/entity/Q943995$92149
=650  \0$aOpera$1http://www.wikidata.org/entity/Q1344$92468
=650  \0$aInstrumental music$1http://www.wikidata.org/entity/Q639197$92106
=650  \0$aChurch music$1http://www.wikidata.org/entity/Q8812109$92283
=651  \0$aVenice (Italy)$1http://www.wikidata.org/entity/Q641$91
=651  \0$aVienna (Austria)$1http://www.wikidata.org/entity/Q1741$920937
=700  \\$4edt$aDegrada, Francesco$d1940-2005$1http://www.wikidata.org/entity/Q59524792$924672
=942  \\$cBOO
=952  \\$00$10$2ddc$40$6BIO_VIVA_E$70$8BIO$912025$aORPH$bORPH$cKTS1_P$d2020-07-08$eKoopman$i23B12$oBIO VIVA e$p20128547$r2021-01-12 00:00:00$w2021-01-12$yBOO$OKoopman
=999  \\$d12042

