=LDR  01120aam a2200229   4500
=001  12043
=008  220812s1978\\\\|||a||||\c|||\00|\0dita\d
=041  \\$aita
=245  \\$aVenezia Vivaldi,$bChiesa di S. Maria della Pietà, settembre/ottobre 1978
=246  \1$aIl cimento dell'invenzione:$bil secolo di Vivaldi e il melodramma 1650-1750
=260  \\$aVenice$bAlfieri$c1978
=300  \\$a67 pages
=500  \\$aExhibition catalog
=600  \0$aVivaldi, Antonio$d1678-1741$1http://www.wikidata.org/entity/Q1340$911980
=610  \0$aOspedale della Pietà (Venice, Italy)$1http://www.wikidata.org/entity/Q1816328$924196
=648  \0$a18th Century (1701-1800)$1http://www.wikidata.org/entity/Q7015$920899
=650  \0$aComposer$1http://www.wikidata.org/entity/Q36834$93625
=650  \0$aIconography$1http://www.wikidata.org/entity/Q208145$921259
=651  \0$aVenice (Italy)$1http://www.wikidata.org/entity/Q641$91
=942  \\$cBOO
=952  \\$00$10$2ddc$40$6BIO_VIVA_E$70$8BIO$912026$aORPH$bORPH$cKTS1_P$d2020-07-08$eKoopman$i23B13$l1$oBIO VIVA e$p20128546$r2022-09-29 00:00:00$s2022-08-30$w2021-01-12$yBOO$OKoopman
=999  \\$d12043

